1615 2942
232 183 471 224 INsEc‘rA
499 182 1115 237 HYMENOQTERAssphex.
1225 197 1303 241 227

392 287 506 338 Defi.
534 287 635 328 Tota
665 297 749 328 atra
765 318 778 337 ,
805 289 940 330 nitida.
961 290 1119 331 Femora
1138 304 1306 343 quatuor

446 342 576 382 antica
594 344 704 396 nigra
724 371 735 388 ‚
757 343 866 396 apice
887 342 1123 398 ferruginea.
1142 346 1305 385 Femora

449 395 594 448 postica
636 396 751 436 valde
791 396 976 450 elongata
998 428 1012 448 ,
1053 399 1166 439 clava
1207 399 1306 441 rufa.

446 448 486 488 T
482 451 566 489 ibiae
591 451 740 503 nigrae,
770 451 958 490 incurvae.

572 575 636 614 Ex
666 575 805 614 Enum.

70 681 288 724 Austriaca.
315 693 384 724 21.
413 684 451 723 S.
482 687 499 733 (
526 682 790 722 l’Autrichien
826 683 842 730 )
898 683 1008 734 nigra
1038 713 1050 731 ,
1102 682 1309 724 abdomine

446 738 672 790 petiolato,
709 737 756 775 ad
783 734 886 774 basin
927 736 1044 775 fascia
1087 737 1311 789 punctisque

446 791 597 830 duobus
628 790 842 842 sulphureis
862 819 874 837 ‚
906 789 1067 840 pedibus
1102 790 1311 842 sulphureo

448 846 660 896 variegatis
678 874 691 892 ,
724 843 979 896 posterIOrum
1010 843 1223 884 femoribus
1250 845 1312 883 in-

453 898 637 937 crassaris.

394 952 490 992 Hah.
535 953 700 991 Viennae
717 980 728 998 ,
774 951 816 989 in
853 951 1043 1003 parietum
1087 950 1307 1004 ligneorum

451 1004 717 1044 foraminibus.

395 1058 509 1106 Dese.
544 1056 644 1096 Tota
671 1059 782 1110 nigra
802 1088 814 1105 ,
855 1058 919 1097 sed
948 1071 1046 1109 apex
1067 1060 1205 1108 petioli
1229 1059 1314 1098 sul-

447 1112 618 1164 phureus
638 1141 651 1159 ‚
696 1110 889 1162 reliquum
943 1113 1132 1151 abdomen
1190 1115 1313 1152 nitide

448 1174 597 1212 atrum,
620 1166 659 1202 in
682 1163 883 1216 segmento
914 1173 1042 1205 tamen
1065 1167 1187 1206 tertio
1214 1168 1315 1206 binae

449 1218 611 1258 maculae
636 1216 852 1269 sulphureae
877 1219 1000 1269 pictae.
1037 1219 1215 1270 Ejusdem
1244 1234 1316 1259 co-

447 1272 542 1312 loris
578 1270 772 1323 sulphurei
800 1271 886 1310 sunt
924 1273 1058 1319 tibia,
1096 1286 1171 1324 qua
1205 1284 1315 1324 parte

450 1325 581 1379 plagas
651 1327 830 1377 corporis
889 1325 1073 1365 obversas
1115 1326 1284 1379 spedtant
1304 1357 1317 1374 ,

448 1390 615 1430 quatuor
631 1380 770 1418 amica
782 1408 795 1426 ‚
820 1381 1010 1419 interiore
1034 1380 1156 1419 latere
1190 1383 1312 1433 nigrae

449 1433 565 1483 sunt;
589 1434 684 1485 tarsi
715 1431 827 1473 fulvi.
856 1432 975 1471 Tibia
990 1433 1145 1486 posticae
1168 1433 1280 1474 fuscae
1310 1449 1318 1473 τ

444 1488 619 1538 genicula
647 1488 777 1527 omnia
798 1487 994 1539 sulpurea.
1016 1487 1206 1526 Aculeum
1235 1502 1315 1527 non

449 1542 612 1580 omnino
644 1541 860 1581 abscondit.

396 1595 484 1643 Obf.
513 1596 577 1634 An
605 1594 874 1635 ichneumon?
906 1596 971 1633 An
997 1594 1150 1646 sphex?
1177 1599 1316 1635 Incer-

448 1659 529 1687 tum
577 1648 660 1696 est,
701 1662 816 1699 quum
862 1658 1120 1688 antennarum
1161 1649 1316 1689 articuli

454 1714 537 1742 non
568 1701 726 1743 fuerunt
757 1702 1019 1743 determinati.
1047 1706 1100 1744 V.

97 1829 301 1881 Vespifora
332 1839 397 1868 22.
426 1828 464 1868 S.
497 1827 574 1879 (le
615 1825 850 1880 vespiforme
876 1829 894 1876 )
937 1828 1130 1879 petiolata
1171 1829 1314 1882 nigra,

124 1884 209 1923 mis.
445 1882 651 1922 abdomine
706 1881 870 1934 cingulis
919 1881 1043 1921 tribus
1093 1882 1315 1935 punffisque

449 1937 599 1976 duobus
628 1935 786 1974 minutis
804 1964 817 1983 ,
851 1935 977 1974 flavis.

395 1991 494 2030 Hah.
528 1991 707 2029 Viennae.
741 1992 784 2028 In
812 1988 938 2028 Gallia
968 1992 1020 2029 V.

395 2042 506 2094 Dese.
562 2044 702 2096 NIgra.
752 2042 948 2082 Ameana·
989 2043 1064 2082 basi
1106 2045 1144 2084 &
1185 2045 1314 2084 subtus

451 2098 579 2138 flavae.
622 2096 766 2136 Puneta
802 2106 893 2136 ante
929 2096 1019 2136 alas
1055 2100 1209 2137 anticas
1241 2099 1315 2137 sm·-

449 2152 558 2206 gulas
599 2150 713 2189 flava.
751 2150 891 2190 Fasciae
929 2160 1009 2190 tres
1049 2153 1312 2191 abdominales

454 2206 566 2245 flavae
586 2236 595 2251 ,
636 2216 794 2255 quarum
827 2216 902 2242 una
938 2205 978 2242 in
1010 2204 1085 2244 basi
1124 2206 1311 2258 segmenti

450 2260 607 2298 secundi
634 2263 650 2308 (
677 2270 763 2297 nam
791 2259 1029 2308 segmentum
1049 2260 1213 2309 prJ'mam
1237 2274 1313 2310 pe..

453 2314 571 2352 tiolus
611 2309 808 2351 constituit
834 2318 878 2360 >3
922 2324 999 2350 una
1048 2326 1097 2351 ex
1154 2315 1334 2354 maculisx

453 2367 599 2405 duabus
615 2366 727 2418 plana
758 2365 943 2405 inclinata
963 2366 1282 2406 constituentibus
1297 2398 1309 2418 a

1013 2435 1096 2486 Ρη
