1615 2942
253 126 339 175 618
393 137 793 179 ANALercA
845 148 915 180 ET
963 139 1402 202 COMPARATA‚J

422 246 480 287 D.
512 246 675 288 Lintzaei.

259 355 353 397 Αἶαν
367 356 639 399 incumbentes
657 387 669 406 ‚
692 357 858 400 inferio-2

313 411 419 452 ribus
445 412 614 465 plicatis,

259 1077 348 1129 obs.
369 1077 571 1119 Familiam
589 1086 858 1130 neuroptero-

309 1148 396 1174 rum
442 1134 546 1174 solus
595 1135 761 1174 retinuit
800 1131 856 1171 D.

309 1189 484 1240 Scopoli,
499 1190 563 1240 qui
577 1199 706 1229 tamen
719 1188 859 1241 hyme-

308 1254 570 1296 nopterorum
607 1273 619 1293 ‚
674 1244 858 1295 diptero—

306 1312 394 1338 rum
408 1328 421 1348 ‚
437 1308 744 1351 apterorumque
760 1296 857 1337 clas-

309 1354 404 1393 fium
456 1355 616 1394 nomina
670 1353 855 1392 mutavit.

308 1410 401 1449 Hoc
443 1409 603 1449 nomine
628 1438 641 1457 ,
683 1408 855 1457 infesta,

307 1476 480 1514 quorum
506 1463 578 1503 alae
608 1464 743 1502 nervis
777 1476 857 1501 nu-

309 1519 470 1558 merofis
498 1517 720 1557 reticulatae
739 1516 827 1556 sunt
845 1547 858 1566 ,

307 1572 531 1626 defignavit
555 1572 756 1612 Linnaeus.
782 1572 859 1611 Etfi

308 1627 356 1665 in
412 1628 594 1667 omnibus
644 1636 730 1666 rete
776 1640 859 1667 non

310 1682 518 1732 aqualiter
565 1682 611 1722 fit
646 1691 858 1732 notatum,

310 1747 429 1776 venae
450 1747 583 1777 tamen
599 1737 749 1790 semper
772 1737 859 1776 sunt

309 1794 610 1832 numerosiores
636 1792 862 1845 hymenop-

310 1855 492 1886 terorum
532 1847 681 1886 alarum
718 1849 861 1896 venis,

310 1901 520 1953 primoque
542 1900 715 1953 inspeetu
731 1903 864 1941 deter-

312 1955 514 1994 minantur
559 1955 709 2008 species
748 1956 864 2006 hujus

312 2008 473 2050 familiae
512 2023 628 2063 quam
667 2024 755 2050 cum
798 2011 864 2051 se·-

316 2073 465 2117 quente
540 2079 624 2106 non
691 2064 862 2106 feliciter

316 2119 534 2172 junxerunt
565 2120 748 2163 nonnulli
777 2124 861 2161 En-

319 2175 533 2230 tomologi.

1061 251 1119 294 D.
1147 254 1192 293 de
1220 253 1350 296 Geeri.

916 359 1133 401 ςἐεηινηατα
1161 374 1196 416 3.

917 414 1030 469 Tarst
1057 419 1233 458 articulis
1269 428 1305 468 5.

961 527 1456 571 FAUSSE-FRIGANE.

911 635 1110 677 Antennae
1131 638 1296 680 setaceae
1312 670 1325 689 ‚
1346 640 1514 681 thorace

966 692 1185 746 longiores,

916 746 974 786 Os
1002 748 1185 787 dentibus
1211 750 1247 788 ὅ(
1276 748 1415 801 peluis,

911 802 1005 841 Alae
1019 804 1188 854 aequales
1202 834 1213 852 ‚
1227 803 1512 852 horizontales‚

968 858 1139 897 invicem
1163 858 1450 900 incumbentes.

913 911 1135 950 Stemmata
1155 916 1222 952 III.

915 965 957 1005 T
952 968 1028 1019 arfi
1058 967 1235 1009 articulis
1265 979 1302 1021 3.

916 1076 1003 1127 obs.
1031 1089 1066 1118 Ι.
1089 1078 1224 1119 Perlas
1251 1078 1317 1118 vel
1341 1080 1514 1130 pseudo⁶

970 1133 1222 1187 phryganeas
1264 1136 1286 1172 ὲ
1333 1136 1514 1188 phryga-

969 1189 1054 1228 neis
1094 1189 1409 1241 hemerobiisque
1451 1188 1516 1229 se-

967 1245 1122 1296 paravit
1152 1244 1207 1283 D.
1240 1245 1283 1282 de
1321 1246 1435 1284 Geer.
1464 1256 1514 1282 eo

967 1301 1074 1351 quod
1092 1308 1217 1337 tarso}
1237 1309 1318 1338 tres
1334 1329 1344 1346 ‚
1374 1299 1515 1338 occel-

966 1354 1101 1405 losque
1117 1363 1197 1392 tres
1213 1354 1252 1391 in
1272 1354 1410 1406 capitis
1424 1367 1518 1392 ver-

968 1409 1046 1448 tice
1064 1408 1234 1447 habeant
1253 1410 1318 1458 (at
1333 1410 1371 1447 in
1385 1407 1517 1461 phry-

969 1463 1104 1516 ganeis
1134 1461 1327 1501 tarsorum
1359 1464 1516 1502 articu-

968 1518 995 1556 li
1020 1518 1071 1566 5)
1104 1530 1153 1556 eo
1185 1519 1289 1568 quod
1310 1518 1349 1556 in
1376 1517 1517 1556 heme-

970 1571 1094 1612 robiis
1118 1572 1315 1611 stemmata
1336 1571 1474 1612 desint.

918 1681 1008 1732 obs.
1035 1692 1074 1721 2.
1110 1683 1299 1735 Quaedam
1336 1693 1518 1734 neurop-

971 1747 1057 1776 tera
1081 1736 1179 1789 Sysi.
1202 1736 1355 1776 claffem
1374 1736 1519 1776 secun-

972 1794 1059 1831 dam
1080 1791 1137 1831 D.
1163 1792 1206 1830 de
1229 1791 1341 1830 Geer.
1371 1790 1522 1830 consti-

974 1856 1106 1886 tuunt,
1122 1846 1209 1885 Alae
1222 1855 1392 1898 quatuor
1405 1858 1520 1884 mem-

974 1902 1196 1949 branaeeae,
1215 1914 1260 1941 os
1277 1899 1521 1941 edentulum.

974 1957 1210 2007 Plzrygarzea
1244 1985 1257 2003 ,
1304 1956 1520 2005 ephemera.

1030 2013 1074 2048 In
1090 2011 1209 2049 tertia
1229 2009 1343 2050 claffe
1369 2009 1524 2047 libellu-

975 2065 1013 2103 la
1028 2093 1042 2112 ,
1062 2065 1301 2103 hemerobius
1316 2094 1328 2113 ‚
1353 2065 1522 2116 myrmi-

974 2120 1032 2159 leo
1047 2149 1059 2168 ‚
1083 2119 1221 2170 pseudo
1236 2120 1489 2170 -plzryganea
1506 2145 1521 2164 ‚

968 2188 1145 2224 panorpa
1163 2203 1173 2222 ‚
1195 2174 1371 2224 raphidin
1385 2201 1397 2218 ,
1420 2185 1523 2223 quo-

975 2242 1059 2268 rum
1103 2229 1174 2268 alae
1205 2228 1488 2275 membranacae
1507 2255 1522 2274 ‚

975 2283 1172 2335 aequales,
1202 2282 1421 2322 reticulatae
1457 2280 1521 2320 os-

974 2352 1049 2392 que
1071 2337 1253 2380 dentibus
1285 2336 1518 2377 instruaum.
