1615 2942
351 164 594 206 INsEc‘rA
623 164 902 205 DIPTERA.
931 162 1087 218 Tipula.
1287 176 1370 220 373

427 273 526 314 Fab.
586 283 621 313 Ι.

423 329 489 371 De
531 284 630 368 (ἷξεν
670 339 764 367 tom.
791 329 830 367 6.
870 345 911 379 p.
941 337 1032 383 359.
1069 345 1107 369 η.
1141 329 1206 371 18.
1234 341 1265 371 t.
1297 342 1364 383 19,

468 386 509 438 f.
540 394 616 436 14,
650 391 714 431 15.
746 382 1036 436 griseo-fusca,
1068 387 1251 426 antennis
1280 385 1364 426 fili-

473 439 698 486 formibus,
741 440 858 477 maris
897 436 1078 490 plumofis
1100 471 1112 490 ‚
1147 441 1360 481 abdomine

472 493 600 534 fasciis
617 493 739 547 nigris
752 523 764 543 ‚
785 492 858 534 alis
873 491 1047 546 hyalinis
1064 497 1206 544 puncto
1224 497 1361 550 nigro.

424 549 569 588 Enum.
603 564 642 588 n.
667 547 762 588 866.

419 603 543 643 Mzill.
573 603 663 643 Lin.
694 602 797 643 Nat.
826 603 877 643 cl.
908 613 954 643 V.
980 619 1022 653 p.
1046 601 1142 656 936.

419 658 545 698 Faun.
576 658 705 698 Fridr.
742 674 781 698 η.
807 657 899 699 681.

416 712 516 752 Hah.
547 714 587 752 in
615 716 802 765 Europa,
839 713 1028 766 imprimis
1059 713 1101 753 in
1136 711 1365 756 maritimiS·'

475 771 521 807 In
545 767 675 808 Gallia
703 767 817 808 Aust.
839 771 892 810 V.

420 821 539 873 Defi.
565 825 660 864 Haec
693 822 821 863 culice
860 823 1030 874 pipiente
1068 822 1188 875 duplo
1229 823 1359 877 major

469 877 535 918 est.
572 877 667 916 Alae
696 879 993 925 incumbentes,
1014 879 1357 930 membranaceae,

466 933 613 985 puncto
652 933 769 985 nigro
803 933 843 972 in
874 935 1007 973 medio
1042 933 1113 972 alae
1134 963 1147 980 ,
1182 936 1230 973 ad
1255 948 1361 974 mar-

466 989 600 1040 ginem
637 988 881 1028 exteriorem
906 1001 956 1030 ex
989 988 1217 1028 anastomosi
1244 990 1359 1029 duo-

464 1056 552 1082 rum
571 1041 754 1084 vasorum
772 1052 880 1083 orto.
910 1041 1060 1093 Corpus
1089 1042 1262 1092 fuscum,
1290 1044 1357 1085 sed

462 1111 591 1149 nuper
618 1096 817 1137 exclusum
850 1099 1018 1137 omnino
1049 1098 1176 1138 viride
1198 1129 1210 1147 ‚
1248 1113 1359 1151 prae-

465 1151 600 1190 sertim
632 1153 679 1191 ad
717 1150 843 1193 latera
881 1150 1059 1191 'thoracis
1100 1152 1236 1192 versus
1280 1154 1357 1193 ab·-

459 1207 606 1246 domen
630 1221 642 1254 3
676 1204 857 1247 hirsuties
882 1208 952 1246 vix
975 1206 1054 1246 ulla
1076 1207 1116 1246 in
1144 1216 1234 1246 toto
1261 1221 1358 1247 cor-

459 1273 584 1312 pore3
605 1260 859 1301 incisurarum
880 1263 1077 1315 margines
1106 1262 1355 1314 pallidiores,

459 1315 613 1355 Gibber
632 1316 698 1356 seu
725 1315 902 1357 sacculus
930 1316 998 1356 sub
1024 1316 1205 1357 thorace.
1227 1317 1355 1357 Pedes

462 1371 586 1411 antici
623 1371 784 1423 reliquis
823 1372 1028 1425 longiores
1054 1401 1066 1420 ‚
1103 1384 1186 1411 non
1219 1381 1354 1413 tamen

462 1424 628 1466 elevati.
661 1425 717 1463 Os
749 1426 873 1480 palpis
901 1428 1107 1474 incurvis,
1137 1439 1220 1466 non
1248 1442 1353 1479 pun-

459 1492 574 1531 gens.
608 1479 702 1518 Mas
744 1482 928 1521 antennis
965 1481 1148 1534 plumosrs
1179 1495 1229 1521 ex
1260 1483 1351 1535 pilis

455 1533 612 1585 pallidis
659 1535 833 1587 undique
886 1535 1148 1588 spectantibus
1192 1538 1229 1576 ὅ(
1266 1551 1349 1578 ano

458 1587 526 1628 seu
563 1591 687 1629 cauda
728 1590 885 1630 elevata
909 1621 922 1639 ,
969 1590 1102 1637 bifida.
1144 1590 1346 1641 Fa’mina,

459 1646 645 1683 antennis
665 1647 785 1685 modo
810 1645 981 1693 villosis,
1013 1648 1136 1686 cauda
1155 1659 1236 1686 non
1257 1647 1349 1688 ele-

455 1707 549 1737 vata
572 1727 581 1745 ,
628 1713 703 1740 nec
737 1699 807 1739 alis
833 1699 1034 1754 longiore.

403 1750 537 1792 larva
577 1753 773 1793 filiformis
808 1784 820 1801 ,
867 1755 987 1810 longa
1011 1786 1022 1805 ‚
1051 1755 1143 1796 laete
1177 1758 1296 1798 rubra
1326 1767 1349 1810 ‚'

455 1808 585 1848 mollis
610 1839 622 1858 ,
664 1820 714 1848 12
741 1810 918 1850 articulis
941 1812 1181 1863 composita,
1215 1816 1342 1854 cauda

455 1862 589 1903 bifida.
612 1864 737 1903 Pedes
754 1866 834 1904 duo
851 1878 957 1917 pone
974 1876 1091 1918 caput
1112 1877 1152 1906 et
1171 1870 1341 1910 totidem

452 1927 547 1957 ante
567 1921 729 1958 caudam
747 1949 760 1966 ‚
791 1933 929 1960 omnes
950 1919 1094 1973 absque
1110 1923 1306 1976 unguibus
1324 1953 1340 1972 ,

454 1973 583 2012 obtufi
604 2004 616 2022 ‚
655 1975 767 2026 apice
793 1974 881 2027 pilis
909 1975 1032 2015 ciliati
1059 2007 1071 2025 ‚
1117 1978 1158 2016 in
1193 1978 1340 2029 penul-

456 2027 555 2067 timo
592 2028 797 2082 segmento
833 2031 940 2081 paria
992 2032 1071 2070 duo
1116 2033 1337 2072 cirrhorum

451 2079 719 2177 ῗίῒὸτιῃίυῑηρ)
743 2085 907 2137 pedibus
961 2085 1048 2138 ipsis
1091 2085 1335 2139 longiorum.

488 2151 580 2178 aun.
616 2149 688 2191 175
715 2169 734 2187 ¹,

70 2243 287 2287 Littoralis.
323 2251 386 2297 51.
418 2246 470 2286 T.
504 2248 521 2302 (
547 2245 584 2286 la
610 2249 835 2301 maritime)
860 2250 1082 2300 virescens,
1105 2251 1174 2290 alis
1199 2252 1338 2296 imma*

452 2302 593 2341 culatis
613 2333 624 2350 ‚
656 2304 819 2354 pedibus
852 2307 991 2345 anticis
1021 2306 1262 2358 longiffimiS.
1286 2309 1309 2348 ἢ

399 2353 522 2407 Geoffi
549 2358 672 2406 paris:
711 2375 754 2409 p.
786 2359 875 2405 561.
904 2377 942 2400 n.
971 2371 1034 2412 17.

401 2409 566 2453 Reaum.
604 2413 675 2461 ins}
711 2412 747 2463 5
776 2424 807 2453 t.
833 2414 871 2453 6.
895 2416 935 2466 f.
965 2425 1041 2507 IX,
1083 2425 1159 2467 13,
1189 2424 1254 2469 142

1023 2482 1046 2514 a
1073 2485 1117 2523 ri]
