1661 2931
250 122 497 167 Inszc‘rA
525 110 942 161 NEUROPTERA.
967 110 1224 176 Phryganea.
1309 131 1361 177 35

472 231 727 284 descriptam.
759 222 856 271 tom.
879 241 919 270 2.
959 245 1000 280 p.
1032 230 1132 283 5483
1175 231 1241 271 sed
1272 231 1363 285 phr.

471 287 530 327 D.
547 287 592 325 de
607 285 706 325 Geer
724 288 830 326 inter
852 298 1014 338 magnas
1037 286 1154 337 hujus
1176 288 1364 339 generis,

472 342 533 381 uti
559 341 831 381 delineatione
860 343 1052 393 adparet:
1083 341 1228 394 phryg.
1259 355 1363 382 vero

460 397 554 450 fist.
591 396 697 435 inter
735 407 880 447 parvas
918 405 1165 434 numeratur.
1199 396 1362 448 Insuper

468 453 521 500 ‘ad
549 450 695 504 phryg.
719 451 872 489 Linnaei
897 463 979 489 non
1006 450 1145 489 retulit
1172 451 1228 488 D.
1251 452 1362 502 Retqt.

465 518 509 558 p.
531 505 594 556 56.
612 505 782 546 Diversa
808 506 931 560 igitur
953 504 1102 558 species
1119 507 1363 548 videtur.V.

167 619 308 662 Flava.
340 625 407 668 25.
437 618 484 657 P.
515 618 532 667 (
560 615 595 655 la
649 615 806 668 jaune)
852 610 924 655 alis
965 614 1328 656 flavo-reticulatis
1345 626 1367 668 ,‘

472 671 657 711 antennis
683 670 936 724 longitudine
964 670 1203 711 abdominis.

416 727 543 768 Faun.
576 725 706 765 Fridr.
736 741 776 765 n.
811 724 901 773 568.

412 782 513 823 Hah.
540 781 579 820 in
608 783 783 834 Europa.
817 783 861 820 In
886 782 996 833 aquis
1022 793 1168 833 propre
1189 783 1359 835 Lugdu-

469 847 577 876 num.
602 838 655 876 V.

416 892 533 941 Dese.
563 891 715 932 Colore
743 890 859 931 facile
887 890 936 929 ab
973 889 1058 932 aliis
1089 890 1359 943 distinguitur.

470 947 671 986 Antennae
708 947 901 1000 porredae
923 977 937 996 ,
977 945 1096 986 luteae
1119 976 1132 996 ‚
1174 947 1234 985 uti
1268 954 1361 988 tota

468 1002 716 1056 phryganea.
742 1004 794 1042 V.

105 1113 314 1157 Umbrosa.
346 1111 415 1154 26.
445 1114 491 1152 P.
528 1114 545 1162 (
569 1110 797 1161 l’obscure)
823 1110 959 1165 nigra,
989 1110 1060 1151 alis
1087 1110 1357 1165 superioribus

469 1166 918 1206 lutescenti-nebulofis.
951 1168 970 1186 ’“

423 1222 525 1263 Hah.
553 1222 592 1261 in
622 1223 781 1272 Europa
804 1252 815 1270 ,
845 1223 892 1260 ad
920 1234 1054 1273 aquas.

413 1277 530 1327 Defiu
561 1277 806 1330 Magnitudo
845 1276 998 1316 culicis.
1028 1275 1231 1317 Antennae
1266 1280 1365 1320 lon-=¹

466 1332 648 1385 gitudine
678 1332 874 1383 corporis.
899 1330 1046 1382 Corpus
1069 1334 1240 1386 nigrum.
1260 1336 1360 1374 Alae

459 1387 681 1437 fitperiores
729 1385 847 1437 fuscae
873 1419 885 1434 ,
941 1387 1123 1426 irrorata:
1184 1390 1361 1442 glauco-

469 1440 715 1481 fuscescente
755 1442 910 1482 colore.
958 1442 1177 1494 Inferiores
1214 1447 1362 1498 nigrae.

468 1496 594 1537 Faun.
630 1494 750 1550 1498.

136 1608 310 1652 Minuta.
341 1617 410 1664 27.
440 1609 486 1648 P.
522 1604 602 1658 (la
642 1607 807 1659 petite)
847 1607 993 1662 nigra,
1039 1608 1164 1662 palpis
1207 1609 1360 1652 villosis

465 1664 596 1716 capite
622 1662 888 1715 longioribus.
913 1666 933 1684 ’ἱ

407 1717 508 1759 Fab.
557 1727 623 1769 24.
669 1716 779 1757 fusco
829 1719 1073 1771 cinereoque
1111 1720 1317 1774 variegata
1337 1730 1361 1773 ,'

464 1772 588 1826 palpis
624 1771 788 1813 villolis.

408 1828 537 1869 Faun.
569 1827 697 1867 Fridr.
735 1843 774 1867 n.
812 1827 903 1878 567.

406 1883 510 1924 Hah.
543 1883 583 1922 in
612 1885 783 1935 Europa.
819 1879 863 1923 ln
896 1883 1025 1924 Gallia
1054 1885 1164 1926 Aust.
1185 1890 1238 1928 V.

407 1938 524 1988 Dese.
539 1937 737 1976 Antennae
750 1937 1004 1992 longitudine
1019 1943 1215 1994 corporis.
1231 1945 1354 1996 Palpff

463 1995 544 2033 duo
565 1993 787 2046 superiores
807 1995 937 2047 capite
956 1994 1163 2050 longiores
1184 2029 1196 2046 ‚
1215 2001 1319 2049 nigri
1335 2030 1350 2048 ‚

459 2047 673 2089 inferiores
712 2061 814 2089 vero
855 2049 990 2092 albidi.
1033 2052 1159 2091 Pedes
1196 2041 1351 2107 pallidi.

462 2102 588 2144 Faun.
621 2112 743 2154 1501.

96 2217 299 2265 saltatrix.
331 2210 400 2258 28.
430 2217 476 2255 P.
509 2216 528 2265 (
553 2213 589 2254 Ia
622 2213 831 2264 sauteuse)
863 2211 933 2255 alis
960 2216 1135 2270 hyalinis
1154 2249 1164 2266 ‚
1194 2219 1349 2260 macula

130 2272 131 2275 ’
460 2270 580 2310 viridi
605 2270 801 2322 albaque,
827 2273 1011 2311 antennis
1045 2272 1309 2326 longioribus.
1326 2278 1349 2296 '‘

399 2325 500 2366 Hah.
535 2326 573 2365 in
605 2327 778 2378 Europa.
805 2328 851 2365 In
881 2328 1036 2366 Breffiae
1065 2331 1189 2379 aquis.
1217 2333 1268 2370 V.

402 2381 520 2432 Defi’.
570 2380 739 2426 Minima
787 2380 840 2423 est
880 2382 920 2424 &
956 2382 1148 2424 saltatrix.
1193 2383 1343 2436 Corpus

1034 2439 1067 2478 C
1096 2439 1124 2491 ij
