1615 2942
225 116 303 167 640
394 116 780 156 ANALYTICA
816 125 885 155 ET
923 115 1320 161 COMPARATA'

387 224 446 265 D.
477 225 647 266 Linnaei.
1046 226 1105 268 D.
1128 230 1174 267 de
1196 227 1326 271 Geeri.

348 336 396 374 M
413 337 450 375 U
467 337 534 374 TI
551 338 582 375 L
597 338 628 375 L
646 337 699 377 A.
881 336 1226 378 ICHNEUMON
1253 307 1486 383 APTERE.

227 445 321 484 Ala·
346 443 464 483 nullae
486 445 526 484 in
551 445 757 498 plerisque.
892 444 981 495 Obs.
1002 457 1040 486 1.
1060 447 1124 487 Ab
1146 449 1291 489 infesto
1317 450 1493 502 perfesto

230 500 378 549 Corpus
410 498 641 550 pubescens,
943 501 1143 542 character
1160 506 1318 557 generis
1338 505 1495 554 sumen-7

227 553 389 594 Thorax
420 554 565 606 pollice
593 555 757 594 retusus.
944 557 1014 595 dus
1035 586 1047 605 ‚
1080 558 1175 597 teile
1203 562 1343 599 eodem
1364 560 1494 602 celeb.

228 608 404 649 Aculeus
443 611 674 650 reconditus
699 624 830 663 punc-
943 612 1231 667 Entomologo.
1278 617 1495 655 Larvarum

285 664 425 704 torius.
941 678 1072 706 mores
1095 681 1242 720 genera
1271 682 1353 708 non
1373 669 1492 721 sepa-

941 731 1030 760 rant
1057 752 1070 770 ,
1116 736 1190 762 nec
1228 737 1352 778 genus
1387 725 1490 764 idem

944 778 1219 828 pronuntiant.
1248 781 1299 820 V.

284 903 372 954 Olus.
398 914 436 942 2.
458 903 574 943 Veris
592 903 918 944 ichneumonibus
934 903 1117 945 struCtura
1134 904 1328 957 larvisque
1346 904 1491 946 similes

232 958 318 998 sunt
337 958 497 998 mutillae
512 988 522 1007 ‚
542 958 609 998 sub
626 960 788 1011 proprio
809 960 931 1052 igitur
950 956 1101 1013 genere
1115 960 1315 1001 collocare
1332 962 1491 1001 minime

229 1014 483 1053 necessarium
504 1015 663 1053 videtur
675 1014 731 1054 D.
745 1016 789 1053 de
849 1030 924 1055 eer.
945 1015 1192 1054 Mutillarum
1214 1014 1391 1055 foeminas
1410 1029 1493 1055 non

228 1070 330 1108 vidit
358 1069 524 1108 summus
554 1070 642 1118 vir3
674 1070 856 1109 antennis
877 1070 923 1109 ab
943 1070 1270 1110 ichneumonibus
1308 1070 1494 1110 differunt

229 1123 511 1176 sphegibusque
533 1125 728 1163 accedunt
750 1138 761 1173 ;
800 1124 955 1177 insuper
977 1125 1134 1164 aculeus
1162 1126 1323 1164 omnino
1343 1139 1495 1165 recon-

230 1181 366 1227 ditur;
407 1192 504 1232 ergo
535 1191 617 1217 non
649 1180 753 1219 inter
791 1179 1075 1220 ichneumones
1094 1211 1105 1229 ‚
1135 1180 1201 1219 sed
1224 1181 1357 1233 potius
1391 1181 1496 1220 inter

232 1233 396 1285 spheges
415 1234 710 1273 ordinarentur.
743 1235 880 1273 Genus
908 1245 1017 1274 certe
1044 1237 1243 1287 proprium
1266 1235 1494 1275 cliarafter-

231 1301 305 1340 que
324 1288 441 1328 Lina,
472 1301 521 1326 ex
539 1287 704 1327 thorace
737 1288 882 1328 sumtus
909 1291 1093 1341 optimus.
1135 1289 1325 1341 Exemplo
1346 1290 1494 1330 nihilo-

231 1345 357 1382 minus
399 1342 512 1382 illust.
553 1342 650 1382 Fal).
683 1357 733 1382 ex
765 1344 843 1383 hoc
876 1357 1023 1396 genere
1062 1345 1252 1383 inutillam
1290 1359 1496 1383 acar-orum

232 1399 270 1438 ὅ(
288 1398 562 1449 formicarium
587 1427 599 1446 ,
633 1411 770 1439 ornnes
804 1400 974 1451 denique
1011 1398 1122 1453 cujus
1149 1400 1307 1439 aculeus
1336 1413 1419 1441 non
1450 1400 1503 1441 est

232 1453 483 1493 absconditus
507 1452 706 1493 substraxi.
740 1456 792 1495 V,
1148 1480 1151 1481 ν

300 1580 391 1630 Obs.
414 1591 452 1633 3.
483 1583 740 1634 Neuroptera
758 1581 795 1622 &
817 1580 1108 1635 hymenoptera
1136 1581 1289 1622 claffem
1327 1592 1503 1634 quartam

234 1639 273 1678 ὅ(
297 1638 473 1688 quintam
504 1636 603 1689 Syst.
637 1646 788 1675 naturae
816 1636 1073 1677 constituunt.
1117 1638 1309 1690 Quartam
1338 1640 1503 1678 retinuit

234 1692 290 1731 D.
333 1691 490 1742 Scopoli
520 1705 538 1742 ,·
579 1690 644 1731 sed
674 1691 964 1745 hymenoptera
1003 1692 1044 1732 in
1089 1691 1268 1732 aculeata
1313 1694 1502 1733 mutavit.

232 1750 533 1801 Hymenoptera
563 1747 599 1786 δε
645 1757 887 1800 neuroptera
923 1777 935 1796 ,
974 1746 1159 1788 libellulis
1203 1749 1380 1801 exceptis
1409 1778 1421 1797 ‚
1461 1749 1503 1787 in

231 1804 393 1843 tertiam
443 1800 596 1842 classem
644 1802 828 1854 disposuit
873 1801 928 1843 D.
974 1801 1067 1842 Fah.
1118 1802 1180 1843 cui
1231 1803 1467 1843 monoculos
1488 1833 1502 1852 ‚

234 1858 391 1899 oniscos
419 1886 432 1904 ‚
460 1858 536 1897 ἃς.
568 1857 695 1908 junxit
729 1871 736 1895 :
770 1858 895 1907 claffi's
929 1886 942 1906 ‚
981 1873 1052 1911 quo
1081 1857 1246 1909 amplior
1267 1887 1280 1904 ,
1312 1874 1353 1897 eo
1384 1859 1503 1898 etiam

232 1914 424 1965 difficilior
470 1912 601 1952 evadit
632 1942 645 1961 ‚
694 1927 807 1966 quum
840 1913 956 1962 plura
1003 1928 1143 1963 genera
1175 1913 1297 1964 simul
1336 1913 1508 1963 &semel

224 1972 307 2024 sint
334 1968 608 2019 distinguenda.
638 1967 701 2006 Sic
723 1968 938 2017 coleoptera
967 1968 1153 2019 imprimis
1181 1967 1332 2008 classem
1362 1967 1509 2009 consti—-

234 2035 354 2066 tuunt
381 2023 642 2064 difficiliorem
670 2052 682 2070 ‚
715 2036 831 2074 quum
849 2023 958 2074 plura
976 2022 1219 2063 constituunt
1239 2036 1399 2076 genera„
1429 2022 1508 2063 Etfi

234 2081 351 2135 hujus
369 2079 490 2120 claffis
507 2078 560 2118 D.
583 2077 761 2128 Schlugae
782 2077 920 2117 divifio
937 2078 1085 2128 optima
1110 2079 1293 2117 videatur
1313 2092 1320 2117 :
1341 2077 1508 2130 coleop-

235 2147 322 2178 tera
364 2135 504 2188 elytris
536 2133 564 2173 s.
600 2133 705 2172 testis
737 2134 842 2172 duris
868 2163 880 2181 ‚
924 2132 1064 2185 elytris
1108 2133 1319 2172 dimidiatis
1363 2134 1468 2171 duris
1493 2161 1507 2180 ‚

237 2192 378 2245 elytris
399 2188 582 2229 mollibus
599 2187 906 2227 membranaceis
934 2186 1086 2239 hacque
1120 2188 1310 2227 divisione
1343 2187 1477 2226 blattae
1494 2216 1506 2235 ‚

238 2247 358 2301 grillii
379 2276 390 2295 ‚
422 2253 572 2284 mantes
601 2243 705 2282 inter
735 2242 938 2295 hemptera
967 2255 1047 2281 non
1077 2243 1241 2295 amplius
1260 2241 1474 2280 militarent
1492 2270 1506 2287 ‚

241 2315 262 2342 a
292 2302 436 2342 ceteris
466 2299 707 2350 coleopteris
737 2298 821 2338 haec
850 2297 992 2336 inseua
1019 2299 1119 2338 adeo
1142 2299 1334 2338 recedunt
1355 2326 1367 2346 ‚
1397 2305 1439 2334 ut
1468 2296 1509 2334 in

244 2359 395 2405 eodem
413 2355 499 2396 solo
539 2353 763 2397 coalescere
790 2353 858 2393 vix
887 2352 1041 2407 postint.

1209 2422 1260 2463 D„
1298 2420 1511 2475 Geoff'royi.
