<?xml version="1.0" encoding="UTF-8"?>
<!DOCTYPE html PUBLIC "-//W3C//DTD XHTML 1.0 Transitional//EN"
    "http://www.w3.org/TR/xhtml1/DTD/xhtml1-transitional.dtd">
<html xmlns="http://www.w3.org/1999/xhtml" xml:lang="en" lang="en">
 <head>
  <title>
</title>
<meta http-equiv="Content-Type" content="text/html;charset=utf-8" />
  <meta name='ocr-system' content='tesseract 3.04.00' />
  <meta name='ocr-capabilities' content='ocr_page ocr_carea ocr_par ocr_line ocrx_word'/>
</head>
<body>
  <div class='ocr_page' id='page_1' title='image "./carolilinnaeient03linn_0247.png"; bbox 0 0 1615 2942; ppageno 0'>
   <div class='ocr_carea' id='block_1_1' title="bbox 224 190 1293 244">
    <p class='ocr_par' dir='ltr' id='par_1_1' title="bbox 224 190 1293 244">
     <span class='ocr_line' id='line_1_1' title="bbox 224 190 1293 244; baseline -0.003 -11"><span class='ocrx_word' id='word_1_1' title='bbox 224 193 455 234; x_wconf 65' lang='lat' dir='ltr'><strong>INSEc‘rA</strong></span> <span class='ocrx_word' id='word_1_2' title='bbox 487 191 929 230; x_wconf 76' lang='lat' dir='ltr'>HYMENOPTERA.</span> <span class='ocrx_word' id='word_1_3' title='bbox 959 190 1102 242; x_wconf 77' lang='lat' dir='ltr'><strong>Sphex.</strong></span> <span class='ocrx_word' id='word_1_4' title='bbox 1217 199 1293 244; x_wconf 74' lang='lat'><strong>233</strong></span> 
     </span>
    </p>
   </div>
   <div class='ocr_carea' id='block_1_2' title="bbox 385 296 1316 2452">
    <p class='ocr_par' dir='ltr' id='par_1_2' title="bbox 385 296 1137 350">
     <span class='ocr_line' id='line_1_2' title="bbox 385 296 1137 350; baseline -0.004 -11"><span class='ocrx_word' id='word_1_5' title='bbox 385 299 481 350; x_wconf 53' lang='lat' dir='ltr'><strong>Gaze</strong></span> <span class='ocrx_word' id='word_1_6' title='bbox 517 297 682 350; x_wconf 79' lang='lat' dir='ltr'><strong>Naturf.</strong></span> <span class='ocrx_word' id='word_1_7' title='bbox 711 308 749 336; x_wconf 85' lang='lat'><strong>2.</strong></span> <span class='ocrx_word' id='word_1_8' title='bbox 784 296 846 335; x_wconf 78' lang='lat' dir='ltr'><strong>St.</strong></span> <span class='ocrx_word' id='word_1_9' title='bbox 878 313 919 346; x_wconf 82' lang='lat' dir='ltr'><strong>p.</strong></span> <span class='ocrx_word' id='word_1_10' title='bbox 941 307 1007 336; x_wconf 82' lang='lat'><strong>21.</strong></span> <span class='ocrx_word' id='word_1_11' title='bbox 1043 308 1071 335; x_wconf 76' lang='lat' dir='ltr'><strong>t.</strong></span> <span class='ocrx_word' id='word_1_12' title='bbox 1099 308 1137 336; x_wconf 83' lang='lat'><strong>2.</strong></span> 
     </span>
    </p>

    <p class='ocr_par' dir='ltr' id='par_1_3' title="bbox 389 349 966 405">
     <span class='ocr_line' id='line_1_3' title="bbox 389 349 966 405; baseline -0.007 -13"><span class='ocrx_word' id='word_1_13' title='bbox 389 352 519 405; x_wconf 69' lang='lat' dir='ltr'><strong>Chaeffi</strong></span> <span class='ocrx_word' id='word_1_14' title='bbox 554 354 650 391; x_wconf 82' lang='lat' dir='ltr'><strong>icon.</strong></span> <span class='ocrx_word' id='word_1_15' title='bbox 679 364 709 390; x_wconf 84' lang='lat' dir='ltr'><strong>t.</strong></span> <span class='ocrx_word' id='word_1_16' title='bbox 740 361 830 403; x_wconf 89' lang='lat'>177.</span> <span class='ocrx_word' id='word_1_17' title='bbox 860 352 899 402; x_wconf 89' lang='grc' dir='ltr'><strong>Γ.</strong></span> <span class='ocrx_word' id='word_1_18' title='bbox 927 349 966 388; x_wconf 86' lang='grc'><strong>6.</strong></span> 
     </span>
    </p>

    <p class='ocr_par' dir='ltr' id='par_1_4' title="bbox 385 402 1299 511">
     <span class='ocr_line' id='line_1_4' title="bbox 385 402 1299 456; baseline -0.001 -11"><span class='ocrx_word' id='word_1_19' title='bbox 385 407 483 447; x_wconf 78' lang='lat' dir='ltr'><strong>Hah.</strong></span> <span class='ocrx_word' id='word_1_20' title='bbox 523 408 561 445; x_wconf 82' lang='lat' dir='ltr'><strong>in</strong></span> <span class='ocrx_word' id='word_1_21' title='bbox 599 408 766 456; x_wconf 81' lang='lat' dir='ltr'><strong>Europa.</strong></span> <span class='ocrx_word' id='word_1_22' title='bbox 823 406 865 444; x_wconf 89' lang='lat' dir='ltr'><strong>In</strong></span> <span class='ocrx_word' id='word_1_23' title='bbox 902 402 1026 442; x_wconf 88' lang='lat' dir='ltr'><strong>Gallia</strong></span> <span class='ocrx_word' id='word_1_24' title='bbox 1069 403 1175 442; x_wconf 87' lang='lat' dir='ltr'><strong>Aust.</strong></span> <span class='ocrx_word' id='word_1_25' title='bbox 1207 418 1299 444; x_wconf 85' lang='lat' dir='ltr'><strong>-non</strong></span> 
     </span>
     <span class='ocr_line' id='line_1_5' title="bbox 443 460 708 511; baseline -0.004 -13"><span class='ocrx_word' id='word_1_26' title='bbox 443 460 636 511; x_wconf 86' lang='lat' dir='ltr'><strong>frequens.</strong></span> <span class='ocrx_word' id='word_1_27' title='bbox 659 462 708 499; x_wconf 92' lang='lat' dir='ltr'><strong>V.</strong></span> 
     </span>
    </p>

    <p class='ocr_par' dir='ltr' id='par_1_5' title="bbox 387 510 1308 1157">
     <span class='ocr_line' id='line_1_6' title="bbox 387 510 1302 562; baseline -0.001 -10"><span class='ocrx_word' id='word_1_28' title='bbox 387 512 503 562; x_wconf 83' lang='lat' dir='ltr'><strong>Dese.</strong></span> <span class='ocrx_word' id='word_1_29' title='bbox 522 513 643 562; x_wconf 69' lang='lat' dir='ltr'><strong>Capu:</strong></span> <span class='ocrx_word' id='word_1_30' title='bbox 673 523 811 552; x_wconf 89' lang='lat' dir='ltr'><strong>atrum.</strong></span> <span class='ocrx_word' id='word_1_31' title='bbox 835 510 1030 550; x_wconf 82' lang='lat' dir='ltr'><strong>Antennae</strong></span> <span class='ocrx_word' id='word_1_32' title='bbox 1049 519 1143 550; x_wconf 83' lang='lat' dir='ltr'><strong>atrae</strong></span> <span class='ocrx_word' id='word_1_33' title='bbox 1161 541 1172 560; x_wconf 89' lang='lat'>‚</span> <span class='ocrx_word' id='word_1_34' title='bbox 1188 512 1302 551; x_wconf 85' lang='lat' dir='ltr'><strong>subu-</strong></span> 
     </span>
     <span class='ocr_line' id='line_1_7' title="bbox 439 564 1302 620; baseline -0.002 -13"><span class='ocrx_word' id='word_1_35' title='bbox 439 568 541 607; x_wconf 84' lang='lat' dir='ltr'><strong>latae.</strong></span> <span class='ocrx_word' id='word_1_36' title='bbox 570 567 625 605; x_wconf 78' lang='lat' dir='ltr'><strong>Os</strong></span> <span class='ocrx_word' id='word_1_37' title='bbox 651 575 892 620; x_wconf 87' lang='lat' dir='ltr'><strong>argenteum.</strong></span> <span class='ocrx_word' id='word_1_38' title='bbox 914 564 1070 603; x_wconf 71' lang='lat' dir='ltr'><strong>Thorax</strong></span> <span class='ocrx_word' id='word_1_39' title='bbox 1093 567 1203 618; x_wconf 87' lang='lat' dir='ltr'>niger</span> <span class='ocrx_word' id='word_1_40' title='bbox 1228 580 1302 618; x_wconf 88' lang='lat' dir='ltr'><strong>pu-</strong></span> 
     </span>
     <span class='ocr_line' id='line_1_8' title="bbox 437 618 1298 672; baseline -0.002 -12"><span class='ocrx_word' id='word_1_41' title='bbox 437 620 613 661; x_wconf 83' lang='lat' dir='ltr'><strong>bescens,</strong></span> <span class='ocrx_word' id='word_1_42' title='bbox 651 621 852 659; x_wconf 84' lang='lat' dir='ltr'><strong>Abdomen</strong></span> <span class='ocrx_word' id='word_1_43' title='bbox 891 618 1098 672; x_wconf 85' lang='lat' dir='ltr'><strong>glabrum,</strong></span> <span class='ocrx_word' id='word_1_44' title='bbox 1144 628 1298 658; x_wconf 83' lang='lat' dir='ltr'><strong>atrum:</strong></span> 
     </span>
     <span class='ocr_line' id='line_1_9' title="bbox 442 673 1302 727; baseline -0.002 -13"><span class='ocrx_word' id='word_1_45' title='bbox 442 674 680 727; x_wconf 83' lang='lat' dir='ltr'><strong>segmentum</strong></span> <span class='ocrx_word' id='word_1_46' title='bbox 733 685 751 712; x_wconf 91' lang='lat'>1</span> <span class='ocrx_word' id='word_1_47' title='bbox 799 673 1083 712; x_wconf 85' lang='lat' dir='ltr'><strong>immaculatum</strong></span> <span class='ocrx_word' id='word_1_48' title='bbox 1128 674 1302 726; x_wconf 82' lang='lat' dir='ltr'>margine</span> 
     </span>
     <span class='ocr_line' id='line_1_10' title="bbox 441 728 1303 779; baseline -0.002 -12"><span class='ocrx_word' id='word_1_49' title='bbox 441 728 583 778; x_wconf 87' lang='lat' dir='ltr'>flavo;</span> <span class='ocrx_word' id='word_1_50' title='bbox 618 740 643 767; x_wconf 75' lang='grc' dir='ltr'><strong>α.</strong></span> <span class='ocrx_word' id='word_1_51' title='bbox 686 728 836 767; x_wconf 88' lang='lat' dir='ltr'><strong>macula</strong></span> <span class='ocrx_word' id='word_1_52' title='bbox 876 728 1059 777; x_wconf 85' lang='lat' dir='ltr'><strong>utrinque</strong></span> <span class='ocrx_word' id='word_1_53' title='bbox 1097 736 1247 776; x_wconf 78' lang='lat' dir='ltr'><strong>ovata3</strong></span> <span class='ocrx_word' id='word_1_54' title='bbox 1282 737 1303 779; x_wconf 83' lang='lat'><em>3</em></span> 
     </span>
     <span class='ocr_line' id='line_1_11' title="bbox 446 780 1305 833; baseline -0.002 -12"><span class='ocrx_word' id='word_1_55' title='bbox 446 783 627 833; x_wconf 82' lang='lat' dir='ltr'><strong>utrinque</strong></span> <span class='ocrx_word' id='word_1_56' title='bbox 664 781 812 821; x_wconf 89' lang='lat' dir='ltr'><strong>macula</strong></span> <span class='ocrx_word' id='word_1_57' title='bbox 847 780 981 828; x_wconf 85' lang='lat' dir='ltr'><strong>lutea;</strong></span> <span class='ocrx_word' id='word_1_58' title='bbox 1011 791 1036 831; x_wconf 89' lang='lat'><strong>4</strong></span> <span class='ocrx_word' id='word_1_59' title='bbox 1064 780 1165 819; x_wconf 85' lang='lat' dir='ltr'><strong>linea</strong></span> <span class='ocrx_word' id='word_1_60' title='bbox 1204 780 1305 820; x_wconf 88' lang='lat' dir='ltr'><strong>flava</strong></span> 
     </span>
     <span class='ocr_line' id='line_1_12' title="bbox 448 834 1306 889; baseline -0.001 -15"><span class='ocrx_word' id='word_1_61' title='bbox 448 849 471 875; x_wconf 88' lang='lat' dir='ltr'><strong>a</strong></span> <span class='ocrx_word' id='word_1_62' title='bbox 499 844 612 889; x_wconf 86' lang='lat' dir='ltr'><strong>tergo</strong></span> <span class='ocrx_word' id='word_1_63' title='bbox 632 837 874 888; x_wconf 75' lang='lat' dir='ltr'><strong>interrupt33</strong></span> <span class='ocrx_word' id='word_1_64' title='bbox 908 844 923 882; x_wconf 86' lang='lat'>5</span> <span class='ocrx_word' id='word_1_65' title='bbox 948 834 1048 873; x_wconf 86' lang='lat' dir='ltr'><strong>linea</strong></span> <span class='ocrx_word' id='word_1_66' title='bbox 1075 834 1175 873; x_wconf 86' lang='lat' dir='ltr'><strong>flava</strong></span> <span class='ocrx_word' id='word_1_67' title='bbox 1201 848 1306 874; x_wconf 91' lang='lat' dir='ltr'><strong>con-</strong></span> 
     </span>
     <span class='ocr_line' id='line_1_13' title="bbox 441 887 1306 943; baseline -0.001 -14"><span class='ocrx_word' id='word_1_68' title='bbox 441 891 579 943; x_wconf 81' lang='lat' dir='ltr'><strong>tigua3</strong></span> <span class='ocrx_word' id='word_1_69' title='bbox 613 889 636 929; x_wconf 88' lang='lat'>6</span> <span class='ocrx_word' id='word_1_70' title='bbox 659 891 805 930; x_wconf 87' lang='lat' dir='ltr'><strong>itidem.</strong></span> <span class='ocrx_word' id='word_1_71' title='bbox 839 888 1043 927; x_wconf 88' lang='lat' dir='ltr'><strong>Abdomen</strong></span> <span class='ocrx_word' id='word_1_72' title='bbox 1075 887 1206 927; x_wconf 86' lang='lat' dir='ltr'>subtus</span> <span class='ocrx_word' id='word_1_73' title='bbox 1235 897 1306 928; x_wconf 91' lang='lat' dir='ltr'><strong>to-</strong></span> 
     </span>
     <span class='ocr_line' id='line_1_14' title="bbox 445 940 1306 983; baseline -0.003 -1"><span class='ocrx_word' id='word_1_74' title='bbox 445 952 527 982; x_wconf 86' lang='lat' dir='ltr'><strong>tum</strong></span> <span class='ocrx_word' id='word_1_75' title='bbox 563 952 687 982; x_wconf 78' lang='lat' dir='ltr'><strong>atrum</strong></span> <span class='ocrx_word' id='word_1_76' title='bbox 722 944 785 983; x_wconf 81' lang='lat' dir='ltr'><strong>est.</strong></span> <span class='ocrx_word' id='word_1_77' title='bbox 822 942 943 981; x_wconf 79' lang='lat' dir='ltr'><strong>Tibiae</strong></span> <span class='ocrx_word' id='word_1_78' title='bbox 973 940 1103 981; x_wconf 83' lang='lat' dir='ltr'><strong>fulvae.</strong></span> <span class='ocrx_word' id='word_1_79' title='bbox 1145 942 1306 981; x_wconf 76' lang='lat' dir='ltr'><strong>Femora</strong></span> 
     </span>
     <span class='ocr_line' id='line_1_15' title="bbox 448 997 1307 1051; baseline -0.001 -15"><span class='ocrx_word' id='word_1_80' title='bbox 448 999 573 1051; x_wconf 86' lang='lat' dir='ltr'><strong>nigra.</strong></span> <span class='ocrx_word' id='word_1_81' title='bbox 608 997 726 1036; x_wconf 65' lang='lat' dir='ltr'><strong>Tibia</strong></span> <span class='ocrx_word' id='word_1_82' title='bbox 767 998 985 1037; x_wconf 85' lang='lat' dir='ltr'><strong>anteriores</strong></span> <span class='ocrx_word' id='word_1_83' title='bbox 1027 997 1178 1048; x_wconf 79' lang='lat' dir='ltr'><strong>nigrae,</strong></span> <span class='ocrx_word' id='word_1_84' title='bbox 1224 997 1307 1035; x_wconf 84' lang='lat' dir='ltr'><strong>ins-</strong></span> 
     </span>
     <span class='ocr_line' id='line_1_16' title="bbox 449 1051 1308 1103; baseline -0.001 -13"><span class='ocrx_word' id='word_1_85' title='bbox 449 1052 583 1090; x_wconf 59' lang='lat' dir='ltr'><strong>truAElae</strong></span> <span class='ocrx_word' id='word_1_86' title='bbox 605 1051 742 1090; x_wconf 87' lang='lat' dir='ltr'><strong>lamina</strong></span> <span class='ocrx_word' id='word_1_87' title='bbox 769 1063 914 1091; x_wconf 87' lang='lat' dir='ltr'><strong>cornea</strong></span> <span class='ocrx_word' id='word_1_88' title='bbox 934 1063 1134 1099; x_wconf 81' lang='lat' dir='ltr'><strong>convexa,</strong></span> <span class='ocrx_word' id='word_1_89' title='bbox 1159 1052 1308 1103; x_wconf 63' lang='lat' dir='ltr'><strong>pundlis</strong></span> 
     </span>
     <span class='ocr_line' id='line_1_17' title="bbox 458 1104 876 1157; baseline -0.002 -13"><span class='ocrx_word' id='word_1_90' title='bbox 458 1105 661 1155; x_wconf 83' lang='lat' dir='ltr'><strong>pellucidis</strong></span> <span class='ocrx_word' id='word_1_91' title='bbox 690 1104 876 1157; x_wconf 84' lang='lat' dir='ltr'><strong>adspersa.</strong></span> 
     </span>
    </p>

    <p class='ocr_par' dir='ltr' id='par_1_6' title="bbox 407 1158 1313 1643">
     <span class='ocr_line' id='line_1_18' title="bbox 407 1158 1310 1205; baseline 0.001 -9"><span class='ocrx_word' id='word_1_92' title='bbox 407 1158 497 1205; x_wconf 80' lang='lat' dir='ltr'><strong><em>Obs.</em></strong></span> <span class='ocrx_word' id='word_1_93' title='bbox 552 1158 750 1197; x_wconf 85' lang='lat' dir='ltr'><strong>Tibiarum</strong></span> <span class='ocrx_word' id='word_1_94' title='bbox 796 1159 1009 1197; x_wconf 86' lang='lat' dir='ltr'><strong>anticarum</strong></span> <span class='ocrx_word' id='word_1_95' title='bbox 1051 1158 1194 1197; x_wconf 86' lang='lat' dir='ltr'><strong>intuitu</strong></span> <span class='ocrx_word' id='word_1_96' title='bbox 1229 1171 1310 1197; x_wconf 80' lang='lat' dir='ltr'><strong>mas</strong></span> 
     </span>
     <span class='ocr_line' id='line_1_19' title="bbox 451 1211 1309 1265; baseline -0.001 -14"><span class='ocrx_word' id='word_1_97' title='bbox 451 1211 573 1251; x_wconf 81' lang='lat' dir='ltr'><strong>statim</strong></span> <span class='ocrx_word' id='word_1_98' title='bbox 609 1211 845 1265; x_wconf 80' lang='lat' dir='ltr'><strong>agnoscitur.</strong></span> <span class='ocrx_word' id='word_1_99' title='bbox 895 1214 959 1250; x_wconf 90' lang='lat' dir='ltr'><strong>Ne</strong></span> <span class='ocrx_word' id='word_1_100' title='bbox 1002 1225 1149 1263; x_wconf 72' lang='lat' dir='ltr'><strong>quaeras</strong></span> <span class='ocrx_word' id='word_1_101' title='bbox 1197 1212 1309 1250; x_wconf 85' lang='lat' dir='ltr'><strong>fora-</strong></span> 
     </span>
     <span class='ocr_line' id='line_1_20' title="bbox 450 1264 1308 1316; baseline 0 -12"><span class='ocrx_word' id='word_1_102' title='bbox 450 1266 552 1305; x_wconf 86' lang='lat' dir='ltr'><strong>mina</strong></span> <span class='ocrx_word' id='word_1_103' title='bbox 595 1266 633 1304; x_wconf 91' lang='lat' dir='ltr'><strong>in</strong></span> <span class='ocrx_word' id='word_1_104' title='bbox 672 1266 813 1304; x_wconf 82' lang='lat' dir='ltr'><strong>lamina</strong></span> <span class='ocrx_word' id='word_1_105' title='bbox 865 1264 1060 1316; x_wconf 85' lang='lat' dir='ltr'><strong>squamosa</strong></span> <span class='ocrx_word' id='word_1_106' title='bbox 1101 1265 1308 1314; x_wconf 77' lang='lat' dir='ltr'><strong>tibiarum3</strong></span> 
     </span>
     <span class='ocr_line' id='line_1_21' title="bbox 455 1319 1309 1359; baseline 0 -1"><span class='ocrx_word' id='word_1_107' title='bbox 455 1332 544 1359; x_wconf 90' lang='lat' dir='ltr'><strong>nam</strong></span> <span class='ocrx_word' id='word_1_108' title='bbox 577 1332 626 1359; x_wconf 85' lang='lat' dir='ltr'><strong>ex</strong></span> <span class='ocrx_word' id='word_1_109' title='bbox 658 1319 997 1359; x_wconf 85' lang='lat' dir='ltr'><strong>observationibus</strong></span> <span class='ocrx_word' id='word_1_110' title='bbox 1043 1319 1097 1358; x_wconf 87' lang='lat' dir='ltr'><strong>D.</strong></span> <span class='ocrx_word' id='word_1_111' title='bbox 1127 1321 1171 1357; x_wconf 81' lang='lat' dir='ltr'><strong>‹le</strong></span> <span class='ocrx_word' id='word_1_112' title='bbox 1211 1319 1309 1358; x_wconf 84' lang='lat' dir='ltr'><strong>Geer</strong></span> 
     </span>
     <span class='ocr_line' id='line_1_22' title="bbox 455 1372 1311 1424; baseline 0.001 -12"><span class='ocrx_word' id='word_1_113' title='bbox 455 1373 666 1424; x_wconf 84' lang='lat' dir='ltr'><strong>nostrisque</strong></span> <span class='ocrx_word' id='word_1_114' title='bbox 697 1374 780 1413; x_wconf 86' lang='lat' dir='ltr'><strong>haec</strong></span> <span class='ocrx_word' id='word_1_115' title='bbox 814 1373 954 1413; x_wconf 84' lang='lat' dir='ltr'><strong>lamina</strong></span> <span class='ocrx_word' id='word_1_116' title='bbox 987 1373 1140 1413; x_wconf 85' lang='lat' dir='ltr'><strong>minime</strong></span> <span class='ocrx_word' id='word_1_117' title='bbox 1175 1372 1311 1424; x_wconf 83' lang='lat' dir='ltr'><strong>perfo-</strong></span> 
     </span>
     <span class='ocr_line' id='line_1_23' title="bbox 452 1427 1312 1480; baseline 0 -14"><span class='ocrx_word' id='word_1_118' title='bbox 452 1437 537 1466; x_wconf 84' lang='lat' dir='ltr'><strong>rata</strong></span> <span class='ocrx_word' id='word_1_119' title='bbox 564 1427 630 1467; x_wconf 85' lang='lat' dir='ltr'><strong>est.</strong></span> <span class='ocrx_word' id='word_1_120' title='bbox 666 1428 809 1468; x_wconf 81' lang='lat' dir='ltr'><strong>Forsan</strong></span> <span class='ocrx_word' id='word_1_121' title='bbox 843 1438 972 1467; x_wconf 84' lang='lat' dir='ltr'><strong>tamen</strong></span> <span class='ocrx_word' id='word_1_122' title='bbox 1001 1427 1130 1478; x_wconf 77' lang='lat' dir='ltr'><strong>plures</strong></span> <span class='ocrx_word' id='word_1_123' title='bbox 1152 1427 1312 1480; x_wconf 77' lang='lat' dir='ltr'><strong>spheges</strong></span> 
     </span>
     <span class='ocr_line' id='line_1_24' title="bbox 451 1481 1313 1533; baseline 0.001 -13"><span class='ocrx_word' id='word_1_124' title='bbox 451 1482 648 1521; x_wconf 85' lang='lat' dir='ltr'><strong>cribrariae</strong></span> <span class='ocrx_word' id='word_1_125' title='bbox 679 1495 749 1533; x_wconf 88' lang='lat' dir='ltr'><strong>pro</strong></span> <span class='ocrx_word' id='word_1_126' title='bbox 781 1495 856 1521; x_wconf 89' lang='lat' dir='ltr'><strong>una</strong></span> <span class='ocrx_word' id='word_1_127' title='bbox 896 1481 1022 1533; x_wconf 91' lang='lat' dir='ltr'><strong>specie</strong></span> <span class='ocrx_word' id='word_1_128' title='bbox 1064 1481 1196 1520; x_wconf 84' lang='lat' dir='ltr'><strong>sumtae</strong></span> <span class='ocrx_word' id='word_1_129' title='bbox 1224 1482 1313 1521; x_wconf 84' lang='lat' dir='ltr'><strong>fue-</strong></span> 
     </span>
     <span class='ocr_line' id='line_1_25' title="bbox 450 1534 1312 1588; baseline 0.002 -15"><span class='ocrx_word' id='word_1_130' title='bbox 450 1545 556 1575; x_wconf 88' lang='lat' dir='ltr'><strong>runt.</strong></span> <span class='ocrx_word' id='word_1_131' title='bbox 598 1536 749 1575; x_wconf 78' lang='lat' dir='ltr'><strong>Nostrae</strong></span> <span class='ocrx_word' id='word_1_132' title='bbox 788 1536 921 1575; x_wconf 88' lang='lat' dir='ltr'><strong>saltem</strong></span> <span class='ocrx_word' id='word_1_133' title='bbox 955 1534 1059 1573; x_wconf 83' lang='lat' dir='ltr'><strong>nulla</strong></span> <span class='ocrx_word' id='word_1_134' title='bbox 1102 1535 1312 1588; x_wconf 71' lang='lat' dir='ltr'><strong>descrtptio</strong></span> 
     </span>
     <span class='ocr_line' id='line_1_26' title="bbox 459 1590 844 1643; baseline 0.003 -15"><span class='ocrx_word' id='word_1_135' title='bbox 459 1590 617 1643; x_wconf 87' lang='lat' dir='ltr'><strong>cognita</strong></span> <span class='ocrx_word' id='word_1_136' title='bbox 643 1591 844 1629; x_wconf 90' lang='lat' dir='ltr'><strong>convenit.</strong></span> 
     </span>
    </p>

    <p class='ocr_par' dir='ltr' id='par_1_7' title="bbox 404 1642 1316 2452">
     <span class='ocr_line' id='line_1_27' title="bbox 404 1642 1309 1696; baseline 0.002 -15"><span class='ocrx_word' id='word_1_137' title='bbox 404 1642 519 1692; x_wconf 80' lang='lat' dir='ltr'><strong>Dese.</strong></span> <span class='ocrx_word' id='word_1_138' title='bbox 554 1642 677 1694; x_wconf 80' lang='lat' dir='ltr'><strong>Caput</strong></span> <span class='ocrx_word' id='word_1_139' title='bbox 707 1657 868 1696; x_wconf 88' lang='lat' dir='ltr'><strong>parvum</strong></span> <span class='ocrx_word' id='word_1_140' title='bbox 906 1642 1144 1696; x_wconf 78' lang='lat' dir='ltr'><strong>triangulare</strong></span> <span class='ocrx_word' id='word_1_141' title='bbox 1167 1656 1187 1682; x_wconf 88' lang='lat' dir='ltr'><strong>a</strong></span> <span class='ocrx_word' id='word_1_142' title='bbox 1214 1644 1309 1683; x_wconf 55' lang='lat' dir='ltr'><strong>thoa</strong></span> 
     </span>
     <span class='ocr_line' id='line_1_28' title="bbox 453 1697 1316 1751; baseline 0 -14"><span class='ocrx_word' id='word_1_143' title='bbox 453 1710 544 1737; x_wconf 88' lang='lat' dir='ltr'><strong>race</strong></span> <span class='ocrx_word' id='word_1_144' title='bbox 578 1697 683 1737; x_wconf 90' lang='lat' dir='ltr'><strong>collo</strong></span> <span class='ocrx_word' id='word_1_145' title='bbox 709 1699 829 1751; x_wconf 88' lang='lat' dir='ltr'><strong>longo</strong></span> <span class='ocrx_word' id='word_1_146' title='bbox 855 1697 1093 1749; x_wconf 84' lang='lat' dir='ltr'><strong>separatum,</strong></span> <span class='ocrx_word' id='word_1_147' title='bbox 1131 1698 1316 1737; x_wconf 83' lang='lat' dir='ltr'><strong>lateribus</strong></span> 
     </span>
     <span class='ocr_line' id='line_1_29' title="bbox 453 1750 1315 1806; baseline 0.001 -16"><span class='ocrx_word' id='word_1_148' title='bbox 453 1750 594 1803; x_wconf 80' lang='lat' dir='ltr'><strong>pilosis.</strong></span> <span class='ocrx_word' id='word_1_149' title='bbox 619 1751 729 1790; x_wconf 83' lang='lat' dir='ltr'><strong>Oculi</strong></span> <span class='ocrx_word' id='word_1_150' title='bbox 758 1752 900 1806; x_wconf 88' lang='lat' dir='ltr'><strong>magni.</strong></span> <span class='ocrx_word' id='word_1_151' title='bbox 942 1750 997 1789; x_wconf 87' lang='lat' dir='ltr'><strong>Os</strong></span> <span class='ocrx_word' id='word_1_152' title='bbox 1024 1764 1102 1790; x_wconf 90' lang='lat' dir='ltr'><strong>non</strong></span> <span class='ocrx_word' id='word_1_153' title='bbox 1129 1751 1231 1791; x_wconf 90' lang='lat' dir='ltr'><strong>villis</strong></span> <span class='ocrx_word' id='word_1_154' title='bbox 1261 1765 1315 1791; x_wconf 61' lang='lat' dir='ltr'><strong>ar«</strong></span> 
     </span>
     <span class='ocr_line' id='line_1_30' title="bbox 454 1805 1312 1857; baseline 0.002 -14"><span class='ocrx_word' id='word_1_155' title='bbox 454 1806 607 1857; x_wconf 85' lang='lat' dir='ltr'><strong>genteis</strong></span> <span class='ocrx_word' id='word_1_156' title='bbox 623 1805 799 1845; x_wconf 87' lang='lat' dir='ltr'><strong>vestitum</strong></span> <span class='ocrx_word' id='word_1_157' title='bbox 813 1835 825 1854; x_wconf 87' lang='lat'>‚</span> <span class='ocrx_word' id='word_1_158' title='bbox 855 1814 896 1844; x_wconf 90' lang='lat' dir='ltr'><strong>ut</strong></span> <span class='ocrx_word' id='word_1_159' title='bbox 910 1816 988 1844; x_wconf 86' lang='lat' dir='ltr'><strong>mas</strong></span> <span class='ocrx_word' id='word_1_160' title='bbox 1001 1806 1312 1845; x_wconf 61' lang='lat' dir='ltr'><strong>enumerationis„</strong></span> 
     </span>
     <span class='ocr_line' id='line_1_31' title="bbox 459 1857 1312 1912; baseline 0.002 -15"><span class='ocrx_word' id='word_1_161' title='bbox 459 1857 618 1897; x_wconf 75' lang='lat' dir='ltr'><strong>leorax</strong></span> <span class='ocrx_word' id='word_1_162' title='bbox 657 1860 767 1912; x_wconf 87' lang='lat' dir='ltr'><strong>niger</strong></span> <span class='ocrx_word' id='word_1_163' title='bbox 799 1860 1078 1898; x_wconf 81' lang='lat' dir='ltr'><strong>immaculatus.</strong></span> <span class='ocrx_word' id='word_1_164' title='bbox 1113 1860 1312 1899; x_wconf 59' lang='lat' dir='ltr'><strong>Abdomea</strong></span> 
     </span>
     <span class='ocr_line' id='line_1_32' title="bbox 455 1913 1315 1966; baseline 0.001 -15"><span class='ocrx_word' id='word_1_165' title='bbox 455 1913 607 1966; x_wconf 90' lang='lat' dir='ltr'><strong>nigrum</strong></span> <span class='ocrx_word' id='word_1_166' title='bbox 623 1942 635 1958; x_wconf 91' lang='lat'><em>,</em></span> <span class='ocrx_word' id='word_1_167' title='bbox 658 1913 782 1954; x_wconf 85' lang='lat' dir='ltr'><strong>fasciis</strong></span> <span class='ocrx_word' id='word_1_168' title='bbox 797 1913 863 1954; x_wconf 84' lang='lat' dir='ltr'><strong>sex</strong></span> <span class='ocrx_word' id='word_1_169' title='bbox 880 1913 991 1953; x_wconf 87' lang='lat' dir='ltr'><strong>flavis</strong></span> <span class='ocrx_word' id='word_1_170' title='bbox 1011 1915 1068 1952; x_wconf 78' lang='lat' dir='ltr'><strong>uti</strong></span> <span class='ocrx_word' id='word_1_171' title='bbox 1090 1914 1129 1952; x_wconf 90' lang='lat' dir='ltr'><strong>in</strong></span> <span class='ocrx_word' id='word_1_172' title='bbox 1151 1914 1282 1952; x_wconf 74' lang='lat' dir='ltr'><strong>Fauna</strong></span> <span class='ocrx_word' id='word_1_173' title='bbox 1303 1945 1315 1963; x_wconf 76' lang='lat'><strong>,</strong></span> 
     </span>
     <span class='ocr_line' id='line_1_33' title="bbox 456 1967 1315 2018; baseline 0.003 -13"><span class='ocrx_word' id='word_1_174' title='bbox 456 1968 588 2018; x_wconf 86' lang='lat' dir='ltr'><strong>primis</strong></span> <span class='ocrx_word' id='word_1_175' title='bbox 621 1967 745 2007; x_wconf 84' lang='lat' dir='ltr'><strong>tribus</strong></span> <span class='ocrx_word' id='word_1_176' title='bbox 775 1969 812 2008; x_wconf 88' lang='lat'>&amp;</span> <span class='ocrx_word' id='word_1_177' title='bbox 852 1980 931 2006; x_wconf 92' lang='lat' dir='ltr'><strong>non</strong></span> <span class='ocrx_word' id='word_1_178' title='bbox 963 1968 1086 2007; x_wconf 86' lang='lat' dir='ltr'><strong>tribus</strong></span> <span class='ocrx_word' id='word_1_179' title='bbox 1123 1969 1315 2008; x_wconf 66' lang='lat' dir='ltr'><strong>interme=</strong></span> 
     </span>
     <span class='ocr_line' id='line_1_34' title="bbox 456 2020 1316 2075; baseline 0.003 -16"><span class='ocrx_word' id='word_1_180' title='bbox 456 2020 529 2059; x_wconf 88' lang='lat' dir='ltr'><strong>diis</strong></span> <span class='ocrx_word' id='word_1_181' title='bbox 547 2050 561 2068; x_wconf 92' lang='lat'>‚</span> <span class='ocrx_word' id='word_1_182' title='bbox 589 2021 827 2074; x_wconf 89' lang='lat' dir='ltr'><strong>interruptis.</strong></span> <span class='ocrx_word' id='word_1_183' title='bbox 858 2020 965 2060; x_wconf 81' lang='lat' dir='ltr'><em>Coxa</em></span> <span class='ocrx_word' id='word_1_184' title='bbox 1001 2022 1088 2074; x_wconf 87' lang='lat' dir='ltr'><strong>pilis</strong></span> <span class='ocrx_word' id='word_1_185' title='bbox 1119 2024 1316 2075; x_wconf 78' lang='lat' dir='ltr'><strong>argenteis</strong></span> 
     </span>
     <span class='ocr_line' id='line_1_35' title="bbox 457 2074 1311 2125; baseline 0.002 -13"><span class='ocrx_word' id='word_1_186' title='bbox 457 2074 572 2125; x_wconf 82' lang='lat' dir='ltr'><strong>spissis</strong></span> <span class='ocrx_word' id='word_1_187' title='bbox 597 2078 768 2115; x_wconf 87' lang='lat' dir='ltr'><strong>exterius</strong></span> <span class='ocrx_word' id='word_1_188' title='bbox 801 2075 931 2115; x_wconf 87' lang='lat' dir='ltr'><strong>ciliata</strong></span> <span class='ocrx_word' id='word_1_189' title='bbox 968 2078 1005 2114; x_wconf 85' lang='lat'>&amp;</span> <span class='ocrx_word' id='word_1_190' title='bbox 1028 2077 1086 2115; x_wconf 90' lang='lat' dir='ltr'><strong>uti</strong></span> <span class='ocrx_word' id='word_1_191' title='bbox 1124 2076 1275 2116; x_wconf 80' lang='lat' dir='ltr'><strong>femora</strong></span> <span class='ocrx_word' id='word_1_192' title='bbox 1298 2107 1311 2125; x_wconf 72' lang='lat'><em>‚</em></span> 
     </span>
     <span class='ocr_line' id='line_1_36' title="bbox 460 2127 1311 2181; baseline 0.002 -14"><span class='ocrx_word' id='word_1_193' title='bbox 460 2127 590 2174; x_wconf 86' lang='lat' dir='ltr'><strong>flava,</strong></span> <span class='ocrx_word' id='word_1_194' title='bbox 624 2143 708 2180; x_wconf 85' lang='lat' dir='ltr'><strong>quae</strong></span> <span class='ocrx_word' id='word_1_195' title='bbox 735 2131 834 2181; x_wconf 86' lang='lat' dir='ltr'><strong>apud</strong></span> <span class='ocrx_word' id='word_1_196' title='bbox 877 2129 932 2168; x_wconf 90' lang='lat' dir='ltr'><strong>D.</strong></span> <span class='ocrx_word' id='word_1_197' title='bbox 971 2132 1015 2169; x_wconf 84' lang='lat' dir='ltr'><strong>de</strong></span> <span class='ocrx_word' id='word_1_198' title='bbox 1057 2130 1155 2168; x_wconf 85' lang='lat' dir='ltr'><strong>Geer</strong></span> <span class='ocrx_word' id='word_1_199' title='bbox 1190 2132 1311 2181; x_wconf 78' lang='lat' dir='ltr'><strong>nigra,</strong></span> 
     </span>
     <span class='ocr_line' id='line_1_37' title="bbox 461 2182 1313 2233; baseline 0.002 -13"><span class='ocrx_word' id='word_1_200' title='bbox 461 2183 623 2233; x_wconf 81' lang='lat' dir='ltr'><strong>Squama</strong></span> <span class='ocrx_word' id='word_1_201' title='bbox 674 2183 853 2223; x_wconf 85' lang='lat' dir='ltr'><strong>tibiarum</strong></span> <span class='ocrx_word' id='word_1_202' title='bbox 898 2182 1049 2223; x_wconf 86' lang='lat' dir='ltr'><strong>inferne</strong></span> <span class='ocrx_word' id='word_1_203' title='bbox 1101 2197 1313 2232; x_wconf 62' lang='lat' dir='ltr'><strong>concava,</strong></span> 
     </span>
     <span class='ocr_line' id='line_1_38' title="bbox 459 2235 1313 2290; baseline 0.004 -16"><span class='ocrx_word' id='word_1_204' title='bbox 459 2235 621 2287; x_wconf 88' lang='lat' dir='ltr'><strong>superne</strong></span> <span class='ocrx_word' id='word_1_205' title='bbox 656 2249 834 2277; x_wconf 87' lang='lat' dir='ltr'><strong>convexa</strong></span> <span class='ocrx_word' id='word_1_206' title='bbox 866 2252 873 2275; x_wconf 72' lang='grc' dir='ltr'><em>τ</em></span> <span class='ocrx_word' id='word_1_207' title='bbox 911 2237 1048 2276; x_wconf 84' lang='lat' dir='ltr'><strong>lamina</strong></span> <span class='ocrx_word' id='word_1_208' title='bbox 1090 2251 1162 2275; x_wconf 84' lang='lat' dir='ltr'><strong>nec</strong></span> <span class='ocrx_word' id='word_1_209' title='bbox 1206 2239 1313 2290; x_wconf 84' lang='lat' dir='ltr'><strong>nigra</strong></span> 
     </span>
     <span class='ocr_line' id='line_1_39' title="bbox 460 2290 1313 2343; baseline 0.001 -15"><span class='ocrx_word' id='word_1_210' title='bbox 460 2302 534 2328; x_wconf 91' lang='lat' dir='ltr'><strong>nec</strong></span> <span class='ocrx_word' id='word_1_211' title='bbox 560 2290 822 2343; x_wconf 84' lang='lat' dir='ltr'><strong>nigro-fusca,</strong></span> <span class='ocrx_word' id='word_1_212' title='bbox 843 2300 927 2330; x_wconf 80' lang='lat' dir='ltr'><strong>tota</strong></span> <span class='ocrx_word' id='word_1_213' title='bbox 949 2302 1076 2330; x_wconf 79' lang='lat' dir='ltr'><strong>autem</strong></span> <span class='ocrx_word' id='word_1_214' title='bbox 1102 2292 1313 2343; x_wconf 78' lang='lat' dir='ltr'><strong>cliaphana,</strong></span> 
     </span>
     <span class='ocr_line' id='line_1_40' title="bbox 460 2343 1315 2397; baseline 0.002 -15"><span class='ocrx_word' id='word_1_215' title='bbox 460 2343 583 2382; x_wconf 87' lang='lat' dir='ltr'><strong>tribus</strong></span> <span class='ocrx_word' id='word_1_216' title='bbox 614 2345 726 2383; x_wconf 87' lang='lat' dir='ltr'><strong>lineis</strong></span> <span class='ocrx_word' id='word_1_217' title='bbox 756 2345 937 2384; x_wconf 84' lang='lat' dir='ltr'><strong>castaneis</strong></span> <span class='ocrx_word' id='word_1_218' title='bbox 967 2345 1156 2397; x_wconf 78' lang='lat' dir='ltr'><strong>parallelis</strong></span> <span class='ocrx_word' id='word_1_219' title='bbox 1185 2347 1315 2385; x_wconf 82' lang='lat' dir='ltr'><strong>versus</strong></span> 
     </span>
     <span class='ocr_line' id='line_1_41' title="bbox 461 2399 1316 2452; baseline 0.007 -15"><span class='ocrx_word' id='word_1_220' title='bbox 461 2399 596 2450; x_wconf 84' lang='lat' dir='ltr'><strong>pedem</strong></span> <span class='ocrx_word' id='word_1_221' title='bbox 630 2408 801 2440; x_wconf 85' lang='lat' dir='ltr'><strong>exarata.</strong></span> <span class='ocrx_word' id='word_1_222' title='bbox 837 2399 952 2438; x_wconf 75' lang='lat' dir='ltr'><strong>Pedis</strong></span> <span class='ocrx_word' id='word_1_223' title='bbox 987 2400 1153 2451; x_wconf 80' lang='lat' dir='ltr'><strong>quinque</strong></span> <span class='ocrx_word' id='word_1_224' title='bbox 1187 2410 1316 2452; x_wconf 80' lang='lat' dir='ltr'><strong>partes</strong></span> 
     </span>
    </p>
   </div>
  </div>
 </body>
</html>
