1615 2942
262 63 350 119 318
457 57 702 106 INsEch
732 63 1192 107 HvMEivoPTERA.
1215 54 1334 122 Apias

643 173 715 214 alis
730 173 928 215 nebulofis
940 203 951 221 ,
972 175 1107 216 fronte
1126 175 1416 232 femoribusque
1434 180 1527 234 pos-

640 229 732 269 ticis
764 228 927 270 hirsutie
955 230 1084 270 flavis.

585 283 688 324 Hah..
743 284 784 322 in
827 288 1001 339 Europa.
1051 288 1098 326 In
1155 285 1296 327 Galliae
1354 291 1525 343 antiquis

639 352 775 379 muns.

583 394 700 445 Defi.
728 394 1053 449 Nigro-caerulea
1071 420 1085 445 9
1112 395 1177 436 sed
1208 396 1318 437 frons
1344 410 1523 453 apexque

638 450 817 490 thoracis
829 450 978 491 vellere
994 451 1219 504 nigricante
1235 454 1351 494 testa.
1364 456 1521 496 Caetera

638 505 788 546 similia.

255 617 472 659 Hortenfis.
515 615 583 671 84.
613 617 666 657 A.
699 615 781 667 (la
823 616 1076 669 jardiniere)
1130 615 1278 658 hirsuta
1300 647 1314 665 ,
1356 620 1521 672 pedibus

639 672 795 766 cfficeis
810 700 825 719 ,
871 671 1082 712 abdomine
1131 673 1249 726 nigro
1272 704 1285 724 ,
1342 675 1520 716 incisuris

638 740 660 767 a
706 740 752 767 is.

579 781 680 822 Hah.
700 783 740 821 in
762 784 936 836 Europa.
963 784 1009 822 In
1026 780 1238 822 hortorum
1254 782 1418 825 floribus
1435 797 1518 826 non

636 849 740 878 rara.

578 891 694 943 Dese.
751 892 894 946 Nigra.
946 890 1148 931 Antennae
1208 906 1302 933 mox
1361 893 1477 934 flavae
1502 908 1518 944 ς

633 961 728 987 mox
777 950 918 1001 nigrae.
969 946 1118 998 Corpus
1162 947 1391 1002 elongatum
1445 963 1520 990 an-

634 1002 828 1056 gustatum
844 1033 855 1051 ‚
875 1003 1045 1056 nigrum.
1065 1003 1301 1043 Abdominis
1320 1003 1521 1058 segmenta

631 1058 812 1112 margine
836 1057 978 1098 albida.
1007 1059 1133 1097 Pedes
1155 1058 1262 1098 flavi.
1289 1061 1418 1098 Datur
1441 1060 1518 1100 alia

633 1114 768 1166 paullo
796 1112 922 1165 major
940 1143 953 1162 ,
985 1112 1051 1153 sed
1086 1114 1187 1153 adeo
1215 1113 1343 1153 similis
1369 1116 1422 1153 A.
1453 1116 1520 1153 bia

634 1168 777 1208 cindae.
807 1168 864 1207 D.
893 1168 990 1208 Fab.
1024 1178 1069 1208 ut
1105 1181 1179 1220 pro
1214 1170 1350 1208 eadem
1389 1169 1517 1221 specie

633 1222 751 1263 facile
770 1223 1015 1273 sumeretur,
1051 1222 1117 1262 sed
1139 1222 1224 1263 haec
1258 1224 1299 1263 in
1318 1225 1517 1264 American

249 1330 494 1389 interrupta.
523 1332 589 1384 85.
619 1329 673 1375 A.
707 1336 725 1385 (
750 1333 787 1374 la
829 1333 1041 1374 fasciculee
1067 1333 1084 1381 )
1119 1333 1231 1387 nigra
1249 1363 1262 1381 ‚
1301 1332 1514 1387 segmentis

631 1389 946 1429 abdominalibus
1001 1388 1131 1427 fasciis
1178 1388 1274 1427 albis
1294 1416 1304 1432 ,
1353 1389 1517 1442 pilofisffir

631 1444 865 1496 interruptis
885 1474 898 1492 ,
937 1443 1008 1483 alis
1044 1444 1170 1496 nigris
1198 1444 1348 1495 punflis
1375 1444 1490 1484 albis.

575 1499 678 1539 Hah.
714 1500 751 1537 in
782 1502 956 1551 Europa.

581 1553 670 1603 Obfi
705 1553 851 1594 Differt
892 1554 940 1592 ab
977 1553 1030 1593 A.
1073 1554 1291 1603 interrupta
1334 1553 1392 1594 D.
1419 1553 1515 1595 Fab„

631 1610 727 1649 licet
762 1608 829 1649 sub
851 1609 993 1649 eodem
1020 1609 1182 1648 nomine
1212 1608 1395 1660 triviali,
1422 1610 1514 1649 inde
1555 1618 1559 1626 ²

630 1677 779 1705 nomen
815 1663 1013 1704 Gallicum
1035 1672 1244 1704 mutatum.
1271 1666 1322 1704 V.

720 1774 784 1813 Ex
814 1776 904 1825 nost.
936 1772 1043 1824 Mus]

278 1888 488 1944 Elongata.
519 1885 586 1929 86.
617 1884 669 1926 A.
702 1889 719 1937 (
746 1885 982 1939 l'alongee)
1020 1885 1134 1938 nigra
1154 1914 1166 1933 ‚
1192 1883 1404 1938 segmentis
1438 1884 1515 1924 ab-s·

631 1942 803 1981 dominis
861 1941 953 1980 albo
1016 1940 1243 1993 marginatis
1265 1969 1277 1988 ‚
1332 1938 1515 1979 albedine

631 1997 794 2036 sinuata.

577 2051 676 2092 Hah.
706 2053 744 2091 in
773 2054 945 2104 Europa.
979 2050 1184 2102 Frequens
1212 2049 1251 2088 in
1273 2049 1432 2090 Breffia·

577 2107 694 2157 Dese.
725 2106 939 2161 Singularis
971 2107 1069 2158 apis,
1110 2104 1257 2155 Corpus
1294 2103 1517 2159 elongatis-¹

633 2163 765 2203 fimum
785 2193 797 2211 ‚
837 2162 991 2216 nigrum
1013 2190 1026 2209 ‚
1073 2160 1190 2200 valde
1228 2160 1472 2212 angustatum
1496 2180 1514 2206 ,·

633 2219 760 2271 primo
790 2220 936 2256 intuitu
972 2215 1093 2268 sphex
1124 2213 1218 2254 esset
1237 2244 1249 2264 ,
1282 2213 1348 2253 sed
1379 2214 1516 2269 lingua¹

635 2274 732 2326 apiS.
766 2273 964 2311 Antennae
990 2271 1127 2325 nigrae.
1157 2268 1344 2308 Maxilla:
1371 2269 1514 2310 flaves-

619 2337 783 2370 centes.
804 2326 966 2368 Thorax
991 2328 1104 2380 niger
1120 2355 1134 2377 ‚
1164 2324 1332 2378 longus,
1353 2323 1517 2365 lineolis*
