1615 2942
281 69 521 137 insncirA
550 94 829 133 DIPTERA.
858 89 1001 131 Asilus'.
1199 90 1277 147 589

400 203 558 256 caprina
579 233 590 251 ‚
622 202 726 241 intra
759 215 873 254 quam
901 201 1005 241 varii
1040 198 1167 240 aculei
1209 201 1282 240 in-

404 259 537 297 nocui.
568 257 689 296 Faun.
719 267 835 308 1911.

349 312 436 362 Ohs
453 315 603 351 Marem
618 310 831 363 decripsiffe
857 311 1014 350 videtur
1033 309 1085 350 D.
1104 310 1148 348 de
1166 308 1284 353 Geer.

408 371 453 407 In
474 377 643 418 utroque
668 365 760 405 sexu
791 376 969 404 antennae
999 364 1117 404 filatae
1146 366 1285 418 nigrae.

411 422 584 472 Rostrum
613 422 780 474 nigrum.
813 418 936 469 Caput
968 419 1179 471 depressum
1203 448 1213 464 ‚
1244 420 1288 458 in

410 489 517 515 mare
543 476 668 514 minus
686 504 698 522 ‚
726 474 813 527 pilis
852 474 1017 521 albidis,
1055 476 1092 512 in
1123 474 1288 522 famina

417 529 524 569 rufis.
584 529 745 568 Femora
800 529 946 567 hirsuta
1007 529 1115 581 nigra
1137 558 1148 576 ‚
1201 528 1289 579 pilis

414 584 714 624 rufescentibus.
748 582 870 622 Tibiae
895 598 1027 622 omnes
1052 581 1149 621 rufae
1165 611 1176 628 ,
1203 582 1292 633 pilis

412 638 771 688 rufiszposteriores
792 639 1024 678 incurvatae.
1053 635 1163 688 Tarsi
1189 635 1292 681 rufi,

416 695 457 732 in
485 693 706 745 quibusdam
743 694 879 746 nigris.
899 693 990 732 Alae
1016 692 1292 731 flavescentes.

416 748 510 787 Mas
536 747 661 787 multo
689 748 830 788 minor.
859 750 910 794 V.

133 858 286 900 Gilvus.
314 869 354 913 7.
387 859 490 920 A.·(
517 857 553 897 le
591 871 700 952 sroux
732 860 750 908 )
777 857 1012 952 fabffiomine
1057 854 1295 910 pubescente

369 926 702 1020 Gelgll‘fgssrssa’risulp?
726 927 772 1018 ἔφη
791 926 884 1016 ἓὲὸ.
915 983 953 1006 η.
974 977 1015 1017 4.

366 1021 460 1061 Fab.
495 1032 556 1072 14.
589 1023 731 1075 niger,
762 1023 968 1062 abdomine
995 1020 1105 1072 supra
1134 1019 1261 1059 fulvo.

369 1077 432 1115 De
483 1075 582 1115 Geer
628 1089 719 1115 tom.
749 1077 787 1117 6.
820 1094 862 1127 p.
890 1087 984 1127 241.
1029 1091 1068 1114 η.
1093 1085 1133 1126 4.
1177 1087 1205 1114 t.
1234 1083 1300 1126 13.

413 1132 452 1184 f.
478 1135 555 1178 15?
585 1132 767 1170 antennis
791 1132 945 1171 muricis
972 1130 1138 1169 hirsutus
1163 1131 1303 1182 niger,

425 1185 496 1224 alis
544 1186 827 1237 nigricantibus
861 1215 873 1233 ,
931 1184 1141 1224 abdomine
1190 1183 1304 1234 supra

427 1239 532 1277 villis
567 1239 659 1277 rufis
694 1239 1004 1291 splendentibus.

373 1293 525 1346 Schaeffi
556 1295 655 1332 icon.
688 1305 720 1333 t.
747 1293 814 1345 78.
841 1296 880 1346 f.
911 1294 967 1333 6?

375 1349 490 1398 Scop.
519 1364 557 1387 n.
588 1358 681 1401 977.
710 1362 805 1388 erax
831 1349 979 1389 ferox?

375 1404 516 1443 Enum.
553 1419 591 1441 η.
622 1406 732 1455 991?

375 1456 495 1497 Mzzll.
526 1457 608 1496 Lin.
640 1456 742 1497 Nat.
772 1459 822 1499 cl.
853 1469 898 1498 V.
922 1474 965 1509 p.
996 1461 1134 1510 1004?

377 1511 475 1551 Hah.
507 1513 547 1550 in
579 1514 751 1564 Europa.

381 1565 496 1615 Defic.
532 1564 656 1605 Totus
687 1576 773 1606 ater
792 1597 804 1615 ‚
831 1580 965 1619 parum
990 1567 1174 1608 hirsutus.
1203 1567 1311 1606 Area

431 1633 573 1674 magna
608 1634 629 1659 a
665 1630 780 1676 tergo
820 1623 1038 1662 abdominis
1078 1622 1179 1662 rufa.
1216 1622 1312 1661 Alae

435 1675 565 1715 fuscae.
594 1675 717 1715 Faun.
747 1687 864 1729 1912.

380 1730 469 1780 Obs'.
518 1729 633 1769 Linn.
681 1741 830 1771 entom.
876 1744 985 1771 carn.
1032 1745 1113 1771 non
1156 1731 1313 1771 citavit.

429 1788 534 1824 Erax
560 1786 681 1838 igitur
693 1787 813 1837 ferox
834 1785 1078 1839 synonymus
1112 1786 1190 1825 asili
1215 1785 1315 1837 gilvi

435 1853 519 1879 non
569 1838 763 1891 judicatus
814 1840 914 1890 fuit,
963 1843 1000 1882 ὅ(
1041 1854 1182 1881 revera
1218 1853 1316 1881 erax

425 1896 547 1948 ferox
579 1894 631 1933 D.
658 1894 769 1945 Scop.
796 1894 1011 1935 femoribus
1044 1896 1171 1935 craffis
1197 1896 1317 1935 valde

437 1951 474 1989 ἃ
517 1948 646 2001 pilosis
702 1949 881 2001 tibiisque
935 1951 1090 2003 posticis
1144 1951 1317 1990 arcuatis

432 2004 584 2055 semper
618 2006 792 2057 gaudet,
825 2007 930 2056 quod
962 2019 1043 2045 non
1081 2005 1318 2046 observatur

434 2060 474 2097 in
502 2057 593 2097 asilo
624 2059 745 2109 gilvo.
772 2059 930 2112 Insuper
954 2062 1141 2099 abdomen
1170 2063 1209 2098 in
1236 2060 1319 2100 hoc

432 2113 610 2165 glabrum
623 2143 634 2160 ‚
656 2114 694 2160 in
714 2113 782 2152 illo
800 2114 839 2151 in
856 2124 1026 2166 utroque
1050 2116 1142 2153 sexu
1161 2125 1318 2153 tomen«

435 2166 593 2212 tosum3
617 2168 785 2217 denique
806 2169 922 2216 pedes
952 2169 1077 2208 multo
1115 2169 1319 2220 longiores

442 2219 482 2256 in
526 2219 616 2257 asilo
641 2220 761 2268 gilvo.
798 2222 1080 2274 Synonymiam
1118 2224 1319 2261 annorum

445 2272 564 2311 retuli
591 2285 752 2325 propter
779 2277 949 2315 omnium
978 2275 1060 2315 fere
1084 2277 1321 2316 Entomolo-

447 2339 588 2378 gotum
614 2327 869 2379 consensum}
897 2330 962 2371 sed
987 2331 1134 2383 species
1155 2332 1320 2372 omnino
