1615 2942
223 140 308 198 '364
496 143 737 188 hvszcm
766 147 1048 191 DrmssnA.
1078 143 1256 204 Tfpula?

222 252 445 308 Replicata.
475 265 542 296 22.
573 256 626 298 T.
657 257 675 307 (
699 257 736 297 la
771 258 918 311 repliee
944 260 961 308 )
997 259 1067 299 alis
1101 258 1274 313 hyalinis
1308 259 1487 314 margine

605 314 790 352 tenuiore
834 325 1049 353 recurvato
1070 343 1082 360 ‚
1127 326 1299 368 corpore
1345 314 1453 356 fumo
1474 344 1489 365 ,

609 368 791 407 antennis
821 368 1066 420 fimplicibus.

550 421 615 461 De
645 420 759 461 Geer.
792 421 881 462 Ad.
909 422 1040 473 Upsah

550 476 646 515 Fah.
675 486 740 529 29.

546 530 612 569 ..De
641 528 741 570 Geer
773 542 866 569 tom.
891 529 930 570 6.
955 547 997 582 p.
1021 540 1112 583 351.
1143 543 1172 570 t.
1193 542 1259 571 20.
1280 532 1318 583 f.
1347 531 1482 572 1.—16.

603 583 730 632 fusca,
756 586 938 625 antennis
954 586 1228 632 filiiormibus,
1249 586 1319 626 alis
1341 587 1487 639 pallide

604 637 720 679 fuscis
743 641 918 693 margine
940 642 1124 680 tenuiore
1145 650 1372 681 recurvato.

548 692 650 733 Hah.
682 694 721 733 in
751 696 922 747 Europa.
957 698 1001 735 In
1029 695 1185 735 Breffia.
1208 698 1259 736 V.

544 747 661 797 Deft.
684 748 795 788 Oculi
809 750 997 801 palpique
1012 751 1267 804 nigricantes.
1285 748 1483 788 Antennae

603 801 753 842 fusco-
770 805 1010 856 nigricantes
1057 815 1103 851 15
1157 801 1332 844 articulis
1375 803 1489 844 lente

604 856 751 909 piloiis.
796 858 958 898 leorax
1000 858 1143 898 craffus
1160 889 1172 907 ‚
1216 859 1451 898 rotundatus
1473 886 1487 906 ,

603 911 770 964 griseus.
797 912 890 951 Alae
913 912 1239 966 lucido-griseae,
1269 912 1483 952 secundum

606 967 900 1019 longitudinem
947 967 1133 1020 plicatae,
1185 966 1251 1006 sed
1290 967 1405 1016 supra
1449 966 1489 1005 &

604 1033 689 1060 non
715 1022 820 1074 infra
848 1031 892 1061 ut
914 1023 954 1062 in
987 1022 1128 1075 vespis.
1165 1020 1282 1061 Alam
1308 1020 1489 1061 extendit

611 1076 661 1114 ad
689 1078 882 1116 volatum.

549 1128 687 1168 ,ίαννα
738 1133 863 1183 apoda
882 1161 895 1180 ‚
940 1131 1093 1184 spinosa
1141 1131 1262 1172 viridi
1287 1157 1312 1164 -
1339 1128 1444 1170 fusca
1472 1159 1487 1179 ‚

605 1182 708 1223 infra
734 1185 1066 1226 castaneo-fusca.

548 1237 683 1289 Puppa
735 1240 1013 1289 viridi-fusca,
1063 1239 1178 1280 fascia
1213 1240 1293 1279 lata
1321 1239 1488 1280 obscura

603 1292 780 1343 dorsali;
835 1294 935 1334 infra
972 1295 1101 1335 fasciae
1141 1304 1221 1334 tres
1263 1294 1490 1347 longitudi-

603 1346 729 1388 nales.
762 1350 963 1401 Spiracula
988 1350 1030 1389 in
1055 1349 1234 1390 thorace.
1262 1348 1325 1389 De
1347 1347 1462 1388 Geer.

225 1458 565 1512 Monoptera.23.
597 1459 648 1498 T.
681 1460 759 1508 (la
807 1460 1096 1512 Monoptere)
1130 1459 1274 1514 nigra,
1321 1457 1490 1512 pedibus

608 1513 806 1566 palpisque
841 1513 1006 1566 pallidis.
1031 1516 1053 1535 ᾗ

549 1566 649 1607 Fab.
678 1579 743 1621 30.

553 1623 680 1663 Faun.
713 1623 842 1663 Fridr.
877 1639 917 1663 n.
942 1621 1036 1676 679.

552 1677 652 1716 Hah.
681 1678 718 1717 in
754 1682 925 1730 Europa.
965 1681 1008 1717 In
1044 1676 1199 1718 Breffia.
1224 1679 1279 1718 V.

553 1731 705 1772 Similis
733 1734 870 1784 tipulis
897 1733 976 1772 alis
1001 1734 1229 1784 patentibus
1247 1761 1260 1779 ‚
1285 1731 1358 1781 fi’d
1381 1729 1488 1770 alam

610 1787 779 1827 alteram
811 1789 928 1827 alteri
981 1788 1172 1838 imponit,
1226 1787 1330 1841 quasi
1374 1787 1487 1826 unica

609 1842 696 1890 efflet
728 1845 759 1883 ἐκ
796 1844 912 1882 culice
942 1844 1084 1883 minor.

556 1895 671 1945 Dese.
699 1898 874 1937 Dimidio
908 1898 1037 1937 minor
1070 1896 1211 1938 culice.
1243 1894 1391 1947 Corpus
1419 1895 1491 1936 ni-

607 1951 778 2004 gricans.
814 1952 908 1991 Ala·
937 1951 1124 2005 hyalinae.
1152 1951 1353 1990 Antennae
1389 1963 1490 1990 cor-

609 2019 707 2058 pore
741 2008 900 2046 dimidio
934 2006 1156 2046 breviores,
1188 2007 1310 2046 Pedes
1352 2018 1490 2045 ornnes

611 2061 792 2113 pallidis.
817 2062 951 2110 lividi,
974 2071 1017 2100 ut
1054 2063 1171 2100 etiam
1199 2059 1320 2111 palpi.
1351 2060 1494 2100 Similis

614 2116 749 2167 tipulis
770 2116 839 2156 alis
862 2115 1005 2168 patulis
1021 2146 1032 2164 ‚
1060 2116 1125 2155 sed
1161 2117 1259 2154 alam
1281 2113 1394 2153 alteri
1416 2115 1495 2153 im-

612 2172 759 2223 ponit,
793 2171 894 2224 quasi
923 2172 1038 2211 unica
1069 2169 1176 2210 effer.
1203 2169 1325 2209 Faun.
1349 2173 1469 2222 1756.

238 2281 569 2334 Arundineti.24.
598 2280 651 2320 T.
682 2282 700 2332 (
727 2281 795 2320 des
845 2280 1052 2330 roseaux)
1097 2280 1224 2320 albida
1247 2307 1261 2326 ,
1309 2279 1510 2321 antennis.

617 2334 764 2375 villosis
783 2364 794 2381 ,
831 2335 956 2376 oculis
985 2335 1095 2375 atris.
1121 2337 1141 2356 ‘⁸‘

563 2390 659 2433 Fab.
678 2401 744 2444 42.
771 2393 880 2433 Inter
898 2390 1040 2445 tipulas
1060 2389 1131 2431 alis
1157 2389 1485 2433 incumbentibus.
