<?xml version="1.0" encoding="UTF-8"?>
<!DOCTYPE html PUBLIC "-//W3C//DTD XHTML 1.0 Transitional//EN"
    "http://www.w3.org/TR/xhtml1/DTD/xhtml1-transitional.dtd">
<html xmlns="http://www.w3.org/1999/xhtml" xml:lang="en" lang="en">
 <head>
  <title>
</title>
<meta http-equiv="Content-Type" content="text/html;charset=utf-8" />
  <meta name='ocr-system' content='tesseract 3.04.00' />
  <meta name='ocr-capabilities' content='ocr_page ocr_carea ocr_par ocr_line ocrx_word'/>
</head>
<body>
  <div class='ocr_page' id='page_1' title='image "./carolilinnaeient03linn_0069.png"; bbox 0 0 1661 2931; ppageno 0'>
   <div class='ocr_carea' id='block_1_1' title="bbox 260 157 1368 313">
    <p class='ocr_par' dir='ltr' id='par_1_1' title="bbox 260 157 1368 313">
     <span class='ocr_line' id='line_1_1' title="bbox 260 157 1368 214; baseline -0.003 -8"><span class='ocrx_word' id='word_1_1' title='bbox 260 160 505 206; x_wconf 65' lang='lat' dir='ltr'>EnszcrA</span> <span class='ocrx_word' id='word_1_2' title='bbox 534 162 956 202; x_wconf 68' lang='lat' dir='ltr'><strong>NEUROPTERA.</strong></span> <span class='ocrx_word' id='word_1_3' title='bbox 979 157 1258 203; x_wconf 69' lang='lat' dir='ltr'>Hem&#39;erobius.</span> <span class='ocrx_word' id='word_1_4' title='bbox 1320 170 1368 214; x_wconf 75' lang='lat'>55¹</span> 
     </span>
     <span class='ocr_line' id='line_1_2' title="bbox 535 272 919 313; baseline 0.003 -1"><span class='ocrx_word' id='word_1_5' title='bbox 535 272 601 312; x_wconf 83' lang='lat' dir='ltr'>Ex</span> <span class='ocrx_word' id='word_1_6' title='bbox 631 281 775 313; x_wconf 78' lang='lat' dir='ltr'>entem.</span> <span class='ocrx_word' id='word_1_7' title='bbox 807 286 919 313; x_wconf 83' lang='lat' dir='ltr'>carn.</span> 
     </span>
    </p>
   </div>
   <div class='ocr_carea' id='block_1_2' title="bbox 125 379 1372 988">
    <p class='ocr_par' dir='ltr' id='par_1_2' title="bbox 125 379 1371 545">
     <span class='ocr_line' id='line_1_3' title="bbox 125 379 1368 435; baseline -0.001 -9"><span class='ocrx_word' id='word_1_8' title='bbox 125 382 321 426; x_wconf 73' lang='lat' dir='ltr'>Fuivice-</span> <span class='ocrx_word' id='word_1_9' title='bbox 351 393 419 426; x_wconf 84' lang='lat'><strong>20.</strong></span> <span class='ocrx_word' id='word_1_10' title='bbox 450 386 502 425; x_wconf 92' lang='lat' dir='ltr'><strong>H.</strong></span> <span class='ocrx_word' id='word_1_11' title='bbox 537 385 554 434; x_wconf 95' lang='lat'>(</span> <span class='ocrx_word' id='word_1_12' title='bbox 577 383 613 423; x_wconf 87' lang='lat' dir='ltr'>le</span> <span class='ocrx_word' id='word_1_13' title='bbox 632 380 934 434; x_wconf 77' lang='lat' dir='ltr'>fulvicephale)</span> <span class='ocrx_word' id='word_1_14' title='bbox 955 379 1027 421; x_wconf 84' lang='lat' dir='ltr'>alis</span> <span class='ocrx_word' id='word_1_15' title='bbox 1049 381 1223 435; x_wconf 83' lang='lat' dir='ltr'>hyalinis</span> <span class='ocrx_word' id='word_1_16' title='bbox 1240 415 1252 434; x_wconf 92' lang='lat'>‚</span> <span class='ocrx_word' id='word_1_17' title='bbox 1276 398 1368 425; x_wconf 62' lang='lat' dir='ltr'>ma⁶</span> 
     </span>
     <span class='ocr_line' id='line_1_4' title="bbox 159 436 1370 496; baseline 0.002 -18"><span class='ocrx_word' id='word_1_18' title='bbox 159 438 314 496; x_wconf 71' lang='lat' dir='ltr'>phalus.</span> <span class='ocrx_word' id='word_1_19' title='bbox 482 439 584 479; x_wconf 88' lang='lat' dir='ltr'>culis</span> <span class='ocrx_word' id='word_1_20' title='bbox 636 436 918 492; x_wconf 77' lang='lat' dir='ltr'>marginaiibus</span> <span class='ocrx_word' id='word_1_21' title='bbox 969 438 1201 491; x_wconf 81' lang='lat' dir='ltr'>venulisque</span> <span class='ocrx_word' id='word_1_22' title='bbox 1253 439 1370 480; x_wconf 80' lang='lat' dir='ltr'>fuscis</span> 
     </span>
     <span class='ocr_line' id='line_1_5' title="bbox 483 491 1371 545; baseline 0.002 -13"><span class='ocrx_word' id='word_1_23' title='bbox 483 491 706 533; x_wconf 81' lang='lat' dir='ltr'>reticulatis</span> <span class='ocrx_word' id='word_1_24' title='bbox 734 522 746 539; x_wconf 91' lang='lat'><em>,</em></span> <span class='ocrx_word' id='word_1_25' title='bbox 804 493 937 544; x_wconf 78' lang='lat' dir='ltr'>capite</span> <span class='ocrx_word' id='word_1_26' title='bbox 990 491 1104 532; x_wconf 88' lang='lat' dir='ltr'>fulvo</span> <span class='ocrx_word' id='word_1_27' title='bbox 1128 522 1141 542; x_wconf 89' lang='lat'>‚</span> <span class='ocrx_word' id='word_1_28' title='bbox 1197 506 1371 545; x_wconf 82' lang='lat' dir='ltr'>corpore</span> 
     </span>
    </p>

    <p class='ocr_par' dir='ltr' id='par_1_3' title="bbox 482 547 996 602">
     <span class='ocr_line' id='line_1_6' title="bbox 482 547 996 602; baseline 0.002 -15"><span class='ocrx_word' id='word_1_29' title='bbox 482 549 722 602; x_wconf 84' lang='lat' dir='ltr'>nigricante.</span> <span class='ocrx_word' id='word_1_30' title='bbox 753 559 785 587; x_wconf 78' lang='lat' dir='ltr'>t.</span> <span class='ocrx_word' id='word_1_31' title='bbox 808 557 850 600; x_wconf 87' lang='lat'>7.</span> <span class='ocrx_word' id='word_1_32' title='bbox 873 547 912 599; x_wconf 76' lang='lat' dir='ltr'><strong>f.</strong></span> <span class='ocrx_word' id='word_1_33' title='bbox 936 556 996 601; x_wconf 45' lang='lat'>7„</span> 
     </span>
    </p>

    <p class='ocr_par' dir='ltr' id='par_1_4' title="bbox 427 600 1372 710">
     <span class='ocr_line' id='line_1_7' title="bbox 427 600 1372 656; baseline 0.001 -13"><span class='ocrx_word' id='word_1_34' title='bbox 427 603 527 643; x_wconf 80' lang='lat' dir='ltr'>Hah.</span> <span class='ocrx_word' id='word_1_35' title='bbox 565 604 603 642; x_wconf 84' lang='lat' dir='ltr'>in</span> <span class='ocrx_word' id='word_1_36' title='bbox 638 606 814 656; x_wconf 84' lang='lat' dir='ltr'>Europa.</span> <span class='ocrx_word' id='word_1_37' title='bbox 856 604 899 642; x_wconf 88' lang='lat' dir='ltr'>In</span> <span class='ocrx_word' id='word_1_38' title='bbox 939 600 1068 642; x_wconf 69' lang='lat' dir='ltr'>Gallia</span> <span class='ocrx_word' id='word_1_39' title='bbox 1093 601 1210 644; x_wconf 87' lang='lat' dir='ltr'>Aust.</span> <span class='ocrx_word' id='word_1_40' title='bbox 1244 615 1372 656; x_wconf 81' lang='lat' dir='ltr'>prope</span> 
     </span>
     <span class='ocr_line' id='line_1_8' title="bbox 488 658 995 710; baseline -0.002 -13"><span class='ocrx_word' id='word_1_41' title='bbox 488 658 730 698; x_wconf 84' lang='lat' dir='ltr'>Nemausum</span> <span class='ocrx_word' id='word_1_42' title='bbox 758 666 911 710; x_wconf 77' lang='lat' dir='ltr'>caprus.</span> <span class='ocrx_word' id='word_1_43' title='bbox 943 660 995 698; x_wconf 89' lang='lat' dir='ltr'>V.</span> 
     </span>
    </p>

    <p class='ocr_par' dir='ltr' id='par_1_5' title="bbox 426 711 1372 988">
     <span class='ocr_line' id='line_1_9' title="bbox 426 711 1370 764; baseline -0.001 -11"><span class='ocrx_word' id='word_1_44' title='bbox 426 713 544 763; x_wconf 71' lang='lat' dir='ltr'>Deft·</span> <span class='ocrx_word' id='word_1_45' title='bbox 572 716 681 752; x_wconf 82' lang='lat' dir='ltr'>Inter</span> <span class='ocrx_word' id='word_1_46' title='bbox 705 712 877 764; x_wconf 84' lang='lat' dir='ltr'>majores</span> <span class='ocrx_word' id='word_1_47' title='bbox 906 713 1187 752; x_wconf 84' lang='lat' dir='ltr'>numerandus.</span> <span class='ocrx_word' id='word_1_48' title='bbox 1230 711 1370 752; x_wconf 74' lang='lat' dir='ltr'>Facies</span> 
     </span>
     <span class='ocr_line' id='line_1_10' title="bbox 482 767 1370 821; baseline 0 -14"><span class='ocrx_word' id='word_1_49' title='bbox 482 767 766 821; x_wconf 74' lang='lat' dir='ltr'>myrmeleoni&#39;s</span> <span class='ocrx_word' id='word_1_50' title='bbox 787 767 1044 820; x_wconf 76' lang='lat' dir='ltr'>formicarum</span> <span class='ocrx_word' id='word_1_51' title='bbox 1064 798 1076 817; x_wconf 89' lang='lat'>‚</span> <span class='ocrx_word' id='word_1_52' title='bbox 1099 767 1165 806; x_wconf 92' lang='lat' dir='ltr'>sed</span> <span class='ocrx_word' id='word_1_53' title='bbox 1182 776 1370 808; x_wconf 80' lang='lat' dir='ltr'>anteuuae</span> 
     </span>
     <span class='ocr_line' id='line_1_11' title="bbox 480 822 1372 872; baseline -0.001 -10"><span class='ocrx_word' id='word_1_54' title='bbox 480 836 565 863; x_wconf 85' lang='lat' dir='ltr'>non</span> <span class='ocrx_word' id='word_1_55' title='bbox 605 822 804 872; x_wconf 76' lang='lat' dir='ltr'>clavatae,</span> <span class='ocrx_word' id='word_1_56' title='bbox 857 832 1033 862; x_wconf 82' lang='lat' dir='ltr'>attamen</span> <span class='ocrx_word' id='word_1_57' title='bbox 1076 822 1235 862; x_wconf 85' lang='lat' dir='ltr'>breves.</span> <span class='ocrx_word' id='word_1_58' title='bbox 1275 822 1372 860; x_wconf 75' lang='lat' dir='ltr'>Alae</span> 
     </span>
     <span class='ocr_line' id='line_1_12' title="bbox 482 877 1372 931; baseline -0.001 -13"><span class='ocrx_word' id='word_1_59' title='bbox 482 877 594 918; x_wconf 85' lang='lat' dir='ltr'>fusco</span> <span class='ocrx_word' id='word_1_60' title='bbox 626 877 833 918; x_wconf 77' lang='lat' dir='ltr'>maculatae</span> <span class='ocrx_word' id='word_1_61' title='bbox 873 878 915 916; x_wconf 87' lang='lat' dir='ltr'>in</span> <span class='ocrx_word' id='word_1_62' title='bbox 943 887 1058 931; x_wconf 82' lang='lat' dir='ltr'>parte</span> <span class='ocrx_word' id='word_1_63' title='bbox 1096 878 1230 919; x_wconf 84' lang='lat' dir='ltr'>antica</span> <span class='ocrx_word' id='word_1_64' title='bbox 1260 891 1372 918; x_wconf 77' lang='lat' dir='ltr'>mar-</span> 
     </span>
     <span class='ocr_line' id='line_1_13' title="bbox 483 930 922 988; baseline 0 -15"><span class='ocrx_word' id='word_1_65' title='bbox 483 933 590 988; x_wconf 84' lang='lat' dir='ltr'>ginis</span> <span class='ocrx_word' id='word_1_66' title='bbox 620 933 840 974; x_wconf 86' lang='lat' dir='ltr'>interioris.</span> <span class='ocrx_word' id='word_1_67' title='bbox 868 930 922 974; x_wconf 76' lang='lat' dir='ltr'><strong>V.</strong></span> 
     </span>
    </p>
   </div>
   <div class='ocr_carea' id='block_1_3' title="bbox 160 1060 1367 1391">
    <p class='ocr_par' dir='ltr' id='par_1_6' title="bbox 160 1060 1367 1391">
     <span class='ocr_line' id='line_1_14' title="bbox 160 1060 1311 1115; baseline -0.001 -13"><span class='ocrx_word' id='word_1_68' title='bbox 160 1061 325 1104; x_wconf 68' lang='lat' dir='ltr'>Flavus.</span> <span class='ocrx_word' id='word_1_69' title='bbox 357 1071 425 1102; x_wconf 84' lang='lat'>21.</span> <span class='ocrx_word' id='word_1_70' title='bbox 457 1062 508 1101; x_wconf 92' lang='lat' dir='ltr'>H.</span> <span class='ocrx_word' id='word_1_71' title='bbox 540 1062 558 1113; x_wconf 93' lang='lat'>(</span> <span class='ocrx_word' id='word_1_72' title='bbox 583 1060 621 1101; x_wconf 87' lang='lat' dir='ltr'>Ie</span> <span class='ocrx_word' id='word_1_73' title='bbox 650 1061 809 1113; x_wconf 75' lang='lat' dir='ltr'>jaune)</span> <span class='ocrx_word' id='word_1_74' title='bbox 836 1061 993 1111; x_wconf 87' lang='lat' dir='ltr'>flavus,</span> <span class='ocrx_word' id='word_1_75' title='bbox 1018 1061 1146 1102; x_wconf 81' lang='lat' dir='ltr'>oculis</span> <span class='ocrx_word' id='word_1_76' title='bbox 1172 1061 1311 1115; x_wconf 83' lang='lat' dir='ltr'>nigris.</span> 
     </span>
     <span class='ocr_line' id='line_1_15' title="bbox 416 1115 1366 1170; baseline 0.003 -15"><span class='ocrx_word' id='word_1_77' title='bbox 416 1115 518 1157; x_wconf 68' lang='lat' dir='ltr'>Hah.</span> <span class='ocrx_word' id='word_1_78' title='bbox 551 1117 591 1155; x_wconf 84' lang='lat' dir='ltr'>in</span> <span class='ocrx_word' id='word_1_79' title='bbox 614 1119 788 1169; x_wconf 84' lang='lat' dir='ltr'><strong>Europa.</strong></span> <span class='ocrx_word' id='word_1_80' title='bbox 816 1119 950 1169; x_wconf 89' lang='lat' dir='ltr'>Prope</span> <span class='ocrx_word' id='word_1_81' title='bbox 971 1118 1206 1170; x_wconf 85' lang='lat' dir='ltr'>Lugdunum</span> <span class='ocrx_word' id='word_1_82' title='bbox 1224 1146 1237 1166; x_wconf 93' lang='lat'>,</span> <span class='ocrx_word' id='word_1_83' title='bbox 1259 1117 1366 1158; x_wconf 80' lang='lat' dir='ltr'>circa</span> 
     </span>
     <span class='ocr_line' id='line_1_16' title="bbox 482 1171 1147 1224; baseline 0 -13"><span class='ocrx_word' id='word_1_84' title='bbox 482 1184 602 1224; x_wconf 86' lang='lat' dir='ltr'>aquas</span> <span class='ocrx_word' id='word_1_85' title='bbox 629 1171 776 1211; x_wconf 86' lang='lat' dir='ltr'>volitat</span> <span class='ocrx_word' id='word_1_86' title='bbox 803 1173 933 1224; x_wconf 90' lang='lat' dir='ltr'>primo</span> <span class='ocrx_word' id='word_1_87' title='bbox 960 1185 1070 1211; x_wconf 89' lang='lat' dir='ltr'>vere.</span> <span class='ocrx_word' id='word_1_88' title='bbox 1094 1173 1147 1211; x_wconf 94' lang='lat' dir='ltr'>V.</span> 
     </span>
     <span class='ocr_line' id='line_1_17' title="bbox 422 1225 1366 1279; baseline -0.002 -13"><span class='ocrx_word' id='word_1_89' title='bbox 422 1225 538 1277; x_wconf 67' lang='lat' dir='ltr'>Desb.</span> <span class='ocrx_word' id='word_1_90' title='bbox 567 1226 767 1266; x_wconf 79' lang='lat' dir='ltr'>Antennae</span> <span class='ocrx_word' id='word_1_91' title='bbox 800 1240 960 1279; x_wconf 86' lang='lat' dir='ltr'>quoque</span> <span class='ocrx_word' id='word_1_92' title='bbox 989 1226 1117 1266; x_wconf 82' lang='lat' dir='ltr'><strong>flavae.</strong></span> <span class='ocrx_word' id='word_1_93' title='bbox 1164 1225 1366 1265; x_wconf 74' lang='lat' dir='ltr'>Abdomen</span> 
     </span>
     <span class='ocr_line' id='line_1_18' title="bbox 479 1280 1367 1334; baseline 0.001 -13"><span class='ocrx_word' id='word_1_94' title='bbox 479 1280 684 1322; x_wconf 64' lang='lat' dir='ltr'>nauticum.</span> <span class='ocrx_word' id='word_1_95' title='bbox 721 1281 814 1321; x_wconf 85' lang='lat' dir='ltr'>Alae</span> <span class='ocrx_word' id='word_1_96' title='bbox 839 1281 1015 1334; x_wconf 87' lang='lat' dir='ltr'>hyalinae</span> <span class='ocrx_word' id='word_1_97' title='bbox 1047 1281 1177 1332; x_wconf 80' lang='lat' dir='ltr'>albae,</span> <span class='ocrx_word' id='word_1_98' title='bbox 1207 1281 1367 1322; x_wconf 79' lang='lat' dir='ltr'>venulis</span> 
     </span>
     <span class='ocr_line' id='line_1_19' title="bbox 477 1336 954 1391; baseline 0.004 -15"><span class='ocrx_word' id='word_1_99' title='bbox 477 1336 623 1391; x_wconf 85' lang='lat' dir='ltr'>pallide</span> <span class='ocrx_word' id='word_1_100' title='bbox 649 1336 954 1378; x_wconf 87' lang='lat' dir='ltr'>virescentibus.</span> 
     </span>
    </p>
   </div>
   <div class='ocr_carea' id='block_1_4' title="bbox 90 1461 1367 1723">
    <p class='ocr_par' dir='ltr' id='par_1_7' title="bbox 90 1461 1367 1723">
     <span class='ocr_line' id='line_1_20' title="bbox 603 1461 844 1505; baseline 0.017 -4"><span class='ocrx_word' id='word_1_101' title='bbox 603 1461 670 1501; x_wconf 75' lang='lat' dir='ltr'>Ex</span> <span class='ocrx_word' id='word_1_102' title='bbox 700 1461 844 1505; x_wconf 70' lang='lat' dir='ltr'>Enum-</span> 
     </span>
     <span class='ocr_line' id='line_1_21' title="bbox 90 1571 1361 1628; baseline 0.002 -17"><span class='ocrx_word' id='word_1_103' title='bbox 90 1571 305 1624; x_wconf 68' lang='lat' dir='ltr'>Aphidioi-</span> <span class='ocrx_word' id='word_1_104' title='bbox 341 1582 409 1614; x_wconf 85' lang='lat'><strong>22.</strong></span> <span class='ocrx_word' id='word_1_105' title='bbox 439 1574 491 1613; x_wconf 87' lang='lat' dir='ltr'><strong>H.</strong></span> <span class='ocrx_word' id='word_1_106' title='bbox 523 1574 541 1623; x_wconf 96' lang='lat'>(</span> <span class='ocrx_word' id='word_1_107' title='bbox 566 1571 858 1626; x_wconf 84' lang='lat' dir='ltr'>l’aphidio&#39;ide)</span> <span class='ocrx_word' id='word_1_108' title='bbox 882 1574 1029 1628; x_wconf 88' lang='lat' dir='ltr'>niger,</span> <span class='ocrx_word' id='word_1_109' title='bbox 1063 1573 1134 1614; x_wconf 78' lang='lat' dir='ltr'>alis</span> <span class='ocrx_word' id='word_1_110' title='bbox 1160 1573 1361 1628; x_wconf 73' lang='lat' dir='ltr'>hyafinis,</span> 
     </span>
     <span class='ocr_line' id='line_1_22' title="bbox 118 1628 1367 1723; baseline 0.001 -56"><span class='ocrx_word' id='word_1_111' title='bbox 118 1629 201 1668; x_wconf 83' lang='lat' dir='ltr'><strong>des.</strong></span> <span class='ocrx_word' id='word_1_112' title='bbox 468 1628 596 1723; x_wconf 42' lang='grc' dir='ltr'>ἓξὲξ</span> <span class='ocrx_word' id='word_1_113' title='bbox 639 1628 861 1670; x_wconf 85' lang='lat' dir='ltr'>reticulatis</span> <span class='ocrx_word' id='word_1_114' title='bbox 892 1660 906 1680; x_wconf 94' lang='lat'><em>‚</em></span> <span class='ocrx_word' id='word_1_115' title='bbox 952 1629 1105 1671; x_wconf 85' lang='lat' dir='ltr'>macula</span> <span class='ocrx_word' id='word_1_116' title='bbox 1151 1628 1367 1684; x_wconf 79' lang='lat' dir='ltr'>marginali·</span> 
     </span>
    </p>
   </div>
   <div class='ocr_carea' id='block_1_5' title="bbox 420 1737 1361 2014">
    <p class='ocr_par' dir='ltr' id='par_1_8' title="bbox 423 1737 899 1789">
     <span class='ocr_line' id='line_1_23' title="bbox 423 1737 899 1789; baseline 0.004 -11"><span class='ocrx_word' id='word_1_117' title='bbox 423 1737 548 1778; x_wconf 82' lang='lat' dir='ltr'>Faun.</span> <span class='ocrx_word' id='word_1_118' title='bbox 579 1737 710 1778; x_wconf 83' lang='lat' dir='ltr'>Fridr.</span> <span class='ocrx_word' id='word_1_119' title='bbox 745 1754 785 1779; x_wconf 85' lang='grc' dir='ltr'>η.</span> <span class='ocrx_word' id='word_1_120' title='bbox 809 1739 899 1789; x_wconf 80' lang='lat'><strong>580.</strong></span> 
     </span>
    </p>

    <p class='ocr_par' dir='ltr' id='par_1_9' title="bbox 421 1793 1234 1846">
     <span class='ocr_line' id='line_1_24' title="bbox 421 1793 1234 1846; baseline 0.002 -13"><span class='ocrx_word' id='word_1_121' title='bbox 421 1793 522 1833; x_wconf 76' lang='lat' dir='ltr'><strong>Hah.</strong></span> <span class='ocrx_word' id='word_1_122' title='bbox 549 1794 588 1831; x_wconf 82' lang='lat' dir='ltr'>in</span> <span class='ocrx_word' id='word_1_123' title='bbox 617 1795 789 1846; x_wconf 82' lang='lat' dir='ltr'>Europa.</span> <span class='ocrx_word' id='word_1_124' title='bbox 818 1798 863 1835; x_wconf 84' lang='lat' dir='ltr'>ln</span> <span class='ocrx_word' id='word_1_125' title='bbox 886 1795 1015 1835; x_wconf 86' lang='lat' dir='ltr'>Gallia</span> <span class='ocrx_word' id='word_1_126' title='bbox 1044 1794 1155 1835; x_wconf 86' lang='lat' dir='ltr'>Aust.</span> <span class='ocrx_word' id='word_1_127' title='bbox 1181 1797 1234 1837; x_wconf 88' lang='lat' dir='ltr'><strong>V.</strong></span> 
     </span>
    </p>

    <p class='ocr_par' dir='ltr' id='par_1_10' title="bbox 420 1847 1361 2014">
     <span class='ocr_line' id='line_1_25' title="bbox 420 1847 1361 1904; baseline 0.002 -17"><span class='ocrx_word' id='word_1_128' title='bbox 420 1847 537 1898; x_wconf 80' lang='lat' dir='ltr'><strong>Dese.</strong></span> <span class='ocrx_word' id='word_1_129' title='bbox 563 1851 622 1888; x_wconf 86' lang='lat' dir='ltr'>Ita</span> <span class='ocrx_word' id='word_1_130' title='bbox 639 1848 772 1901; x_wconf 84' lang='lat' dir='ltr'>aphidi</span> <span class='ocrx_word' id='word_1_131' title='bbox 793 1850 908 1891; x_wconf 87' lang='lat' dir='ltr'>alatae</span> <span class='ocrx_word' id='word_1_132' title='bbox 930 1851 1086 1899; x_wconf 80' lang='lat' dir='ltr'>fimssis,</span> <span class='ocrx_word' id='word_1_133' title='bbox 1115 1851 1174 1890; x_wconf 90' lang='lat' dir='ltr'>uti</span> <span class='ocrx_word' id='word_1_134' title='bbox 1198 1863 1273 1904; x_wconf 91' lang='lat' dir='ltr'>pro</span> <span class='ocrx_word' id='word_1_135' title='bbox 1289 1849 1361 1890; x_wconf 80' lang='lat' dir='ltr'>tali</span> 
     </span>
     <span class='ocr_line' id='line_1_26' title="bbox 474 1903 1359 1959; baseline 0.005 -18"><span class='ocrx_word' id='word_1_136' title='bbox 474 1903 669 1942; x_wconf 79' lang='lat' dir='ltr'>habeatur</span> <span class='ocrx_word' id='word_1_137' title='bbox 694 1904 744 1943; x_wconf 87' lang='lat' dir='ltr'>ab</span> <span class='ocrx_word' id='word_1_138' title='bbox 778 1908 888 1946; x_wconf 88' lang='lat' dir='ltr'>omni</span> <span class='ocrx_word' id='word_1_139' title='bbox 926 1907 992 1958; x_wconf 86' lang='lat' dir='ltr'>qui</span> <span class='ocrx_word' id='word_1_140' title='bbox 1025 1918 1071 1946; x_wconf 93' lang='lat' dir='ltr'>os</span> <span class='ocrx_word' id='word_1_141' title='bbox 1105 1906 1230 1959; x_wconf 87' lang='lat' dir='ltr'>palpis</span> <span class='ocrx_word' id='word_1_142' title='bbox 1272 1905 1359 1945; x_wconf 88' lang='lat' dir='ltr'>ins-</span> 
     </span>
     <span class='ocr_line' id='line_1_27' title="bbox 472 1958 1355 2014; baseline 0.001 -16"><span class='ocrx_word' id='word_1_143' title='bbox 472 1959 643 1998; x_wconf 71' lang='lat' dir='ltr'>tractum</span> <span class='ocrx_word' id='word_1_144' title='bbox 692 1971 775 1998; x_wconf 91' lang='lat' dir='ltr'>non</span> <span class='ocrx_word' id='word_1_145' title='bbox 811 1963 1006 2001; x_wconf 87' lang='lat' dir='ltr'>intuetur.</span> <span class='ocrx_word' id='word_1_146' title='bbox 1045 1958 1172 1999; x_wconf 77' lang='lat' dir='ltr'>Totus</span> <span class='ocrx_word' id='word_1_147' title='bbox 1203 1961 1317 2014; x_wconf 85' lang='lat' dir='ltr'>niger</span> <span class='ocrx_word' id='word_1_148' title='bbox 1340 1989 1355 2009; x_wconf 92' lang='lat'>‚</span> 
     </span>
    </p>
   </div>
   <div class='ocr_carea' id='block_1_6' title="bbox 470 2013 1356 2121">
    <p class='ocr_par' dir='ltr' id='par_1_11' title="bbox 470 2013 1356 2121">
     <span class='ocr_line' id='line_1_28' title="bbox 470 2013 1356 2071; baseline 0.003 -18"><span class='ocrx_word' id='word_1_149' title='bbox 470 2013 591 2053; x_wconf 88' lang='lat' dir='ltr'>etiam</span> <span class='ocrx_word' id='word_1_150' title='bbox 624 2016 841 2066; x_wconf 85' lang='lat' dir='ltr'>antennis,</span> <span class='ocrx_word' id='word_1_151' title='bbox 880 2029 981 2070; x_wconf 82' lang='lat' dir='ltr'>quas</span> <span class='ocrx_word' id='word_1_152' title='bbox 1018 2015 1205 2071; x_wconf 84' lang='lat' dir='ltr'>aphidum</span> <span class='ocrx_word' id='word_1_153' title='bbox 1242 2027 1356 2056; x_wconf 81' lang='lat' dir='ltr'>more</span> 
     </span>
     <span class='ocr_line' id='line_1_29' title="bbox 472 2076 622 2121; baseline 0 -13"><span class='ocrx_word' id='word_1_154' title='bbox 472 2076 622 2121; x_wconf 82' lang='lat' dir='ltr'>portat.</span> 
     </span>
    </p>
   </div>
   <div class='ocr_carea' id='block_1_7' title="bbox 531 2195 909 2241">
    <p class='ocr_par' dir='ltr' id='par_1_12' title="bbox 531 2195 909 2241">
     <span class='ocr_line' id='line_1_30' title="bbox 531 2195 909 2241; baseline 0.021 -8"><span class='ocrx_word' id='word_1_155' title='bbox 531 2195 569 2233; x_wconf 87' lang='lat' dir='ltr'><em>E</em></span> <span class='ocrx_word' id='word_1_156' title='bbox 571 2211 596 2234; x_wconf 75' lang='lat' dir='ltr'><strong><em>x</em></strong></span> <span class='ocrx_word' id='word_1_157' title='bbox 623 2195 750 2239; x_wconf 82' lang='lat' dir='ltr'>Faun.</span> <span class='ocrx_word' id='word_1_158' title='bbox 780 2196 909 2241; x_wconf 82' lang='lat' dir='ltr'>Fridr.</span> 
     </span>
    </p>
   </div>
   <div class='ocr_carea' id='block_1_8' title="bbox 84 2302 1356 2515">
    <p class='ocr_par' dir='ltr' id='par_1_13' title="bbox 84 2302 1356 2515">
     <span class='ocr_line' id='line_1_31' title="bbox 84 2302 1356 2365; baseline 0.008 -23"><span class='ocrx_word' id='word_1_159' title='bbox 84 2302 327 2345; x_wconf 69' lang='lat' dir='ltr'>Nemoralis.</span> <span class='ocrx_word' id='word_1_160' title='bbox 342 2314 410 2359; x_wconf 86' lang='lat'><strong>23.</strong></span> <span class='ocrx_word' id='word_1_161' title='bbox 442 2306 493 2344; x_wconf 86' lang='lat' dir='ltr'><strong>H.</strong></span> <span class='ocrx_word' id='word_1_162' title='bbox 525 2304 600 2365; x_wconf 82' lang='lat' dir='ltr'>(le</span> <span class='ocrx_word' id='word_1_163' title='bbox 643 2305 814 2361; x_wconf 77' lang='lat' dir='ltr'>sauvage</span> <span class='ocrx_word' id='word_1_164' title='bbox 840 2308 858 2357; x_wconf 87' lang='lat'>)</span> <span class='ocrx_word' id='word_1_165' title='bbox 898 2308 969 2348; x_wconf 91' lang='lat' dir='ltr'>alis</span> <span class='ocrx_word' id='word_1_166' title='bbox 1010 2307 1185 2362; x_wconf 83' lang='lat' dir='ltr'>hyalinis</span> <span class='ocrx_word' id='word_1_167' title='bbox 1228 2308 1356 2353; x_wconf 59' lang='lat' dir='ltr'>aeneia</span> 
     </span>
     <span class='ocr_line' id='line_1_32' title="bbox 468 2363 1296 2425; baseline 0.01 -27"><span class='ocrx_word' id='word_1_168' title='bbox 468 2363 651 2420; x_wconf 67' lang='lat' dir='ltr'>venons,</span> <span class='ocrx_word' id='word_1_169' title='bbox 679 2363 915 2413; x_wconf 85' lang='lat' dir='ltr'>primoribus</span> <span class='ocrx_word' id='word_1_170' title='bbox 944 2364 1062 2425; x_wconf 75' lang='lat' dir='ltr'>nigro</span> <span class='ocrx_word' id='word_1_171' title='bbox 1087 2365 1296 2417; x_wconf 67' lang='lat' dir='ltr'>punstatis.</span> 
     </span>
     <span class='ocr_line' id='line_1_33' title="bbox 418 2412 1138 2515; baseline 0.004 -60"><span class='ocrx_word' id='word_1_172' title='bbox 418 2412 520 2455; x_wconf 82' lang='lat' dir='ltr'><strong>Hah.</strong></span> <span class='ocrx_word' id='word_1_173' title='bbox 547 2430 587 2454; x_wconf 83' lang='lat' dir='ltr'><em>m</em></span> <span class='ocrx_word' id='word_1_174' title='bbox 613 2417 782 2471; x_wconf 77' lang='lat' dir='ltr'>Europae</span> <span class='ocrx_word' id='word_1_175' title='bbox 809 2419 1069 2513; x_wconf 63' lang='lat' dir='ltr'>Nemoribuls).</span> <span class='ocrx_word' id='word_1_176' title='bbox 1095 2474 1138 2515; x_wconf 63' lang='lat' dir='ltr'>iv</span> 
     </span>
    </p>
   </div>
  </div>
 </body>
</html>
