1615 2942
239 129 322 180 396
513 126 761 165 INsEcTA
789 118 1256 163 DIPTERA.As11uS.

622 230 824 272 diversum
846 231 1045 284 descripsit
1072 230 1130 271 D.
1154 233 1200 272 de
1224 231 1326 274 Geer
1340 263 1354 282 ,
1386 233 1453 276 sed
1479 236 1517 277 in

623 287 705 328 hoc
748 296 933 326 antennae
984 286 1145 328 muticae
1193 287 1281 327 sunt
1307 318 1320 338 ,
1367 289 1410 328 in
1448 290 1519 332 illo

625 343 740 396 apice
766 340 964 393 setigerae.
994 344 1047 383 V.

328 456 474 509 Niger.
503 462 571 494 21.
603 452 656 491 A.
691 453 708 502 (
733 450 772 490 le
802 451 925 499 noir)
954 448 1090 491 fronte
1111 482 1124 502 ‚
1156 452 1378 494 halteribus
1396 453 1522 495 abdo-

626 505 821 557 minisque
848 503 1032 544 incisuris
1062 509 1238 559 margine
1262 508 1409 547 aureis.

570 563 671 604 Hah.
700 563 740 599 in
770 563 941 613 Europae
970 559 1152 601 floribus.
1185 560 1290 602 Ibid.
1317 564 1363 601 In
1391 563 1522 604 Gallia

627 615 738 656 Aust.
763 617 815 655 V.

570 670 904 722 Defh.Antennae
921 670 1090 712 clavatae
1108 701 1121 719 ,
1151 671 1329 712 muticae.
1361 673 1523 713 Aureus

625 728 735 769 nitor
765 725 912 765 frontis
948 727 982 766 ὅ(
1015 727 1201 779 marginis
1230 726 1409 766 lateralis
1435 727 1525 782 seg-

625 792 852 822 mentorum
886 781 1109 822 abdominis
1132 781 1172 819 in
1209 781 1289 819 alio
1316 782 1422 821 oculi
1451 783 1524 823 situ

626 836 713 876 fere
740 835 958 877 evanescit.
991 835 1194 875 Abdornen
1226 836 1524 888 semicylindri-

624 903 729 931 cum.
756 891 868 930 Oculi
889 890 1287 932 fusco-virescentes.
1311 891 1406 930 Alae
1427 890 1522 931 sub-

627 946 854 995 violaceae,
892 944 969 986 basi
1001 945 1228 986 excoleres.

573 1002 663 1052 Obs.
684 1004 775 1041 Nec
791 1000 845 1040 est
862 1000 973 1040 afilus
989 1002 1099 1051 niger
1116 1000 1172 1040 D.
1190 1002 1236 1040 de
1263 999 1388 1049 Geer,
1412 1001 1523 1054 cujus

630 1066 816 1098 antennae
845 1057 959 1108 apice
993 1055 1085 1096 sunt
1118 1055 1315 1108 setigerae.

242 1173 482 1228 Aquaticus.
505 1181 572 1212 22.
603 1169 658 1208 A.
689 1170 707 1217 (
735 1166 977 1219 l’aquatique
1017 1168 1036 1216 )
1094 1166 1211 1219 niger
1239 1196 1252 1215 ‚
1304 1165 1524 1207 halteribus

629 1222 929 1273 abdominisque
957 1220 1142 1261 incisuris
1167 1221 1346 1273 margine
1373 1221 1487 1263 albis.

572 1277 675 1316 Hah.
710 1278 749 1315 in
777 1279 952 1329 Europa.

571 1332 691 1382 Defi.
715 1333 901 1384 Quatuor
919 1331 1046 1370 lineas
1064 1329 1209 1384 longus
1223 1357 1237 1376 ‚
1264 1340 1372 1368 totus
1392 1332 1526 1384 niger.

631 1386 815 1426 Halteres
838 1385 945 1434 albi,
973 1384 1151 1437 capitulo
1173 1385 1409 1437 compreffo.
1431 1386 1526 1424 Ala·

628 1441 833 1494 hyalinae,
859 1441 939 1480 sine
967 1439 1144 1481 maculis.
1169 1438 1378 1480 Abdomen
1407 1440 1527 1481 semi-

630 1495 915 1549 cylindricum.

293 1610 473 1653 mmm·
502 1620 571 1666 ²3'
602 1606 1279 1713 Aa15.33s053}{m‘⁴{}n'.1?³5{}i??⁵
1301 1606 1528 1700 ἰωἷῗὲὶῖἓῧῗ

928 1690 941 1707 2
1260 1687 1275 1706 2

579 1717 753 1812 HElhlisri
786 1773 961 1825 Europa.

578 1828 692 1876 Dese.
739 1825 886 1877 Corpus
925 1826 1051 1867 lineas
1092 1834 1174 1867 tres
1217 1824 1395 1880 longum.
1432 1825 1528 1867 Alae

635 1882 899 1922 immaculatae
922 1912 934 1931 ,
977 1881 1182 1935 hyalinae,
1227 1883 1344 1922 venis
1381 1881 1528 1933 fuscis,

634 1936 741 1976 linea
774 1936 982 1990 marginali
1012 1936 1399 1990 nigra.Al>dominis
1426 1938 1532 1978 inci-

633 1991 733 2030 surae
769 1992 947 2044 margine
981 1991 1138 2034 albidae.

250 2106 574 2158 Maculatus.24.
606 2103 678 2195 A.h
696 2105 713 2153 (
739 2101 777 2142 le
815 2100 1017 2195 tafhseoe)
1045 2102 1184 2195 loculis
1224 2103 1529 2197 sublyiridibusg

633 2167 847 2251 ἑὺὲἓῖῐειῗηθ
871 2169 1160 2265 Πῖἓῖῐῦἕίιζὲἓιῗ
1212 2159 1532 2253 Ειῗὶςὲἀιείἒῖὴεῗὸειῆ

634 2266 871 2318 maculisque
898 2266 1120 2306 dorsalibus
1149 2269 1287 2322 nigris,

576 2321 678 2363 Hah.
710 2322 748 2359 in
782 2324 951 2377 Europae
982 2321 1106 2375 sylvis
1139 2323 1176 2365 ὅ(
1207 2322 1399 2376 ericetis,
1437 2334 1521 2365 non

633 2389 755 2420 rarus.
1374 2419 1411 2448 Q
