1615 2942
267 119 349 172 594
541 108 786 149 INSECTA
817 103 1098 146 DIPTERA.
1131 105 1289 152 Afflus,

650 216 856 254 abdomine
884 217 1117 269 punctorum
1161 218 1439 271 nigricantium
1477 220 1544 259 se-

651 270 784 310 riebus
801 271 926 311 tribus
944 303 956 320 ‚
973 273 1193 313 hulceribus
1212 273 1385 325 capitulo
1406 273 1514 314 fusco
1531 303 1545 322 ,

649 326 815 378 pedibus
842 325 1226 381 fusco—ferrugineis
1247 357 1259 375 ,
1293 328 1364 367 alis
1397 331 1540 383 punc-10

652 382 784 421 medio
821 381 931 421 fusco
964 384 1001 423 ὅ(
1029 385 1142 435 apice
1173 383 1432 426 fuscescente.

601 435 692 487 Ohs.
725 438 791 476 An
822 438 1111 491 afiliforcipati
1141 440 1342 479 varietas?
1376 442 1429 480 V.

338 554 485 593 Ferox.
521 559 584 603 17.
617 548 666 588 A.
705 547 785 597 (le
827 543 1007 594 feroce)
1051 564 1149 587 erax
1196 550 1337 602 niger,
1374 549 1539 590 thorace

648 602 798 655 postico
835 603 930 642 rufis
964 604 1071 644 villis
1104 605 1332 645 tomentoso
1354 635 1366 653 ‚
1405 606 1538 645 femo-

648 658 757 697 ribus
792 659 949 708 craffis,
983 660 1089 699 tibiis
1120 660 1277 712 posticis
1304 662 1451 700 curvis.

592 713 696 753 Hah.
725 715 763 752 in
794 715 967 766 Europa.
999 718 1042 754 In
1071 714 1211 754 Galliae
1239 715 1396 767 pinetis.
1420 717 1472 756 V.

598 768 688 817 Obs.
720 780 756 807 1.
802 770 917 808 Licet
950 770 1015 810 hic
1048 769 1159 809 asilus
1192 784 1264 822 pro
1307 770 1398 809 afilo
1431 771 1537 821 gilvo

644 824 686 863 in
721 826 1023 865 enumeratione
1056 835 1334 878 proponatur,
1392 825 1540 877 species

647 887 781 918 tamen
825 881 985 932 propria
1032 880 1128 919 mihi
1173 881 1334 920 videtur
1352 909 1364 929 ‚
1412 890 1456 919 ut
1489 892 1539 919 ex

647 933 704 972 D.
734 934 847 984 Scop.
878 935 1143 987 descriptione
1170 936 1335 988 patebit.
1359 937 1411 974 V.

592 988 708 1039 Deft.
729 988 852 1028 Frons
870 989 959 1042 pilis
977 989 1071 1029 rufis
1090 990 1269 1030 barbata.
1296 994 1338 1030 In
1360 990 1412 1029 A.
1430 990 1536 1040 gilvo

646 1054 838 1098 argentea
873 1058 1056 1084 antennae
1093 1044 1404 1091 adscendentes,
1449 1044 1538 1084 cla-

644 1110 773 1149 varae,
801 1099 977 1149 obtusae,
1004 1101 1163 1140 muticae
1198 1102 1346 1153 nigrae3
1375 1100 1412 1138 in
1430 1100 1537 1150 gilvo

642 1154 756 1194 rufae.
785 1154 957 1194 Dorsum
986 1155 1026 1194 in
1055 1157 1186 1195 medio
1213 1154 1295 1194 fere
1329 1154 1504 1208 glabrum
1524 1181 1539 1202 ,

642 1209 792 1262 postice
835 1209 1103 1249 tomentosum
1128 1240 1140 1259 ‚
1193 1209 1281 1262 pilis
1324 1208 1418 1248 rufis
1468 1218 1536 1247 aut

644 1264 780 1303 fulvis.
797 1263 978 1303 Halteres
996 1263 1112 1305 fulvi.
1126 1265 1220 1303 Alae
1236 1264 1510 1303 incumbentes
1526 1293 1538 1312 ,

642 1318 938 1367 fuscescentes‚
972 1319 1049 1358 basi
1086 1320 1293 1358 excolore.
1329 1318 1536 1356 Abdomen

640 1373 754 1425 supra
788 1375 922 1412 antice
956 1373 1261 1426 glabriusculum
1282 1401 1293 1418 ,
1323 1373 1471 1425 pollice
1500 1373 1538 1412 &

645 1428 866 1467 lateraliter
898 1428 1117 1476 hirsutum,
1146 1427 1459 1481 cylindraceum.
1492 1430 1537 1466 In

637 1482 747 1533 gilvo
784 1483 947 1523 nudum.
985 1482 1147 1522 Femora
1190 1485 1322 1521 omnia
1356 1481 1476 1521 crassa
1498 1483 1536 1523 ὃ(

640 1537 780 1590 pilosa.
803 1536 930 1576 Tibiae
958 1537 1106 1590 postice
1130 1548 1326 1586 arcuatae,
1354 1539 1392 1576 in
1410 1538 1536 1588 gilvo.

642 1592 769 1631 Pedes
787 1592 964 1646 elongati
980 1594 1163 1645 ‚femora
1190 1606 1271 1632 non
1299 1592 1506 1631 incraffata
1524 1623 1537 1642 ,

644 1648 748 1686 tibia>
766 1647 1005 1699 posteriores
1022 1648 1151 1687 renae.
1167 1648 1373 1686 Abdomen
1393 1648 1535 1686 termi-

643 1713 782 1742 natum
801 1703 955 1742 laminis
974 1702 1099 1741 tribus
1112 1732 1123 1751 ‚
1155 1704 1266 1754 apice
1286 1703 1511 1741 rotundatis
1528 1733 1540 1751 ,

640 1758 874 1807 iubovatis‚
903 1759 1054 1811 nigris,
1083 1758 1225 1809 quibus
1249 1756 1403 1796 laminis
1425 1766 1537 1797 caret

641 1816 696 1851 A.
725 1813 869 1863 gilvus.
895 1813 1025 1851 Sexus
1046 1828 1147 1852 unus
1165 1812 1291 1865 major
1309 1842 1321 1861 ,
1351 1821 1536 1852 tomento

639 1866 757 1906 fulvo
792 1868 1032 1906 abdominali
1060 1898 1072 1918 ‚
1104 1869 1209 1908 inter
1238 1866 1413 1910 lamellas
1444 1867 1539 1920 pos-

639 1923 741 1961 ticas
760 1921 903 1962 fovens
920 1922 1064 1969 setam,
1088 1924 1365 1963 acuminatam.
1392 1924 1536 1962 Parvis

643 1975 810 2016 lamellis
844 1977 945 2016 binis
978 1978 1199 2027 munitam3
1227 1979 1329 2017 alter
1348 1986 1535 2018 tomento

636 2030 727 2070 rufo
756 2032 792 2071 δε
816 2031 920 2070 inter
947 2032 1122 2071 lamellas
1146 2033 1331 2073 candales
1357 2046 1529 2086 corpore

639 2086 751 2126 molli
778 2086 910 2125 albido
938 2087 1076 2127 ciliato
1096 2117 1108 2133 ,
1144 2090 1206 2127 cui
1243 2089 1429 2139 utrinque
1451 2089 1527 2127 ad·-

639 2141 746 2193 Jacet
781 2155 924 2192 corpus
959 2142 1064 2181 aliud
1097 2141 1288 2182 sulcatum
1327 2143 1527 2194 bicorne,

636 2208 765 2235 cornu
799 2196 990 2236 inferiore
1017 2196 1095 2236 basi
1120 2199 1241 2237 dente
1273 2207 1432 2238 notato.

585 2250 676 2301 obs.
704 2262 743 2291 α.
776 2251 904 2290 Asilus
934 2252 1068 2302 gilvus
1100 2251 1129 2292 s.
1162 2252 1288 2292 asilus.
1318 2254 1374 2290 D.
1401 2251 1528 2305 Geoff'.

636 2322 674 2346 n.
696 2316 735 2357 4.
767 2308 817 2346 A.
841 2308 974 2358 feroce
1003 2306 1294 2358 major3pedes
1318 2307 1523 2360 longiores

634 2361 724 2401 sunt
750 2361 1022 2414 tarsorumque
1052 2361 1206 2416 globuli
1239 2361 1392 2403 diverfi.
1417 2364 1469 2404 V.
