1661 2931
311 105 365 151 32
442 96 682 137 INSECTA
713 96 1125 134 NEUROPTERA.
1148 93 1402 150 Phryganea.

689 201 941 243 hemerobios
973 219 1012 242 η.
1035 214 1098 242 12.
1128 204 1240 244 idem.
1269 209 1369 258 apud
1393 207 1448 248 D.
1468 207 1561 250 Fab,

688 258 767 296 hoc
793 257 1012 309 exemplum
1048 271 1128 296 non
1164 258 1318 300 secutus
1352 261 1404 302 est
1430 262 1485 302 D.
1512 265 1559 303 de

691 310 790 349 Geer
813 312 850 351 δε
876 313 1027 363 optimo
1055 312 1141 365 jure
1166 327 1177 361 3
1210 327 1298 353 nam
1335 317 1375 355 in
1414 317 1559 371 phryg.

686 365 746 405 D.
778 364 901 417 Geoffl
930 382 969 406 n.
995 377 1059 406 10.
1107 366 1177 405 alae
1213 367 1312 408 albae
1342 370 1428 410 sunt
1447 401 1459 420 ‚
1494 371 1562 411 sed

687 420 1007 474 caeruleo-nigrae
1053 421 1091 460 in
1129 421 1272 475 phryg.
1314 425 1426 475 nigra
1463 427 1557 478 [yffi

687 473 780 514 inde
812 474 952 515 citatio
987 477 1244 517 emendanda.
1268 480 1320 518 V.

365 604 535 645 Azurea.
568 601 632 644 16.
663 603 709 642 P.
745 605 763 654 (
798 602 968 644 l'azuree
1003 603 1022 652 )
1071 602 1142 644 alis
1187 603 1311 657 nigris
1343 633 1357 654 ,
1408 603 1554 657 postice

683 657 893 699 violaceis.
922 660 943 680 '³‘

632 711 729 753 Fab.
756 720 818 761 15.

630 766 731 807 Hah.
759 770 808 807 ad
841 780 960 821 aquas
996 770 1178 821 Europae.

630 820 742 871 Dese.
784 823 923 863 Musca
961 823 1104 863 minor.
1140 823 1234 862 Alae
1269 823 1391 876 nigrae
1424 837 1432 861 :
1476 823 1556 862 sm.=

683 875 785 929 gulae
812 879 862 917 V.
897 876 1004 916 fusco
1038 877 1163 917 diviso
1184 908 1195 926 ‚
1234 878 1288 916 ita
1338 887 1468 916 tamen
1506 888 1550 918 ut

682 931 920 971 divaricatio
948 930 1091 970 litterae
1108 932 1321 984 posteriora
1344 931 1524 984 respiciat
1539 962 1555 980 ,

682 984 722 1023 in
757 999 831 1037 qua
870 985 983 1026 color
1026 999 1189 1027 azureus
1223 986 1391 1027 locatus.
1427 986 1550 1029 Faun.

686 1049 805 1093 1491.

359 1163 526 1212 Ciliaris‚
562 1174 625 1219 17.
656 1165 702 1205 P.
735 1167 752 1217 (
777 1163 813 1203 la
840 1165 953 1205 cilie'e
978 1165 996 1215 )
1029 1165 1164 1220 nigra,
1196 1166 1404 1205 abdomine
1424 1165 1555 1204 utrin-

682 1233 757 1271 que
782 1219 884 1259 linea
911 1220 996 1259 alba
1016 1248 1028 1265 ,
1062 1221 1166 1259 tibiis
1192 1219 1345 1271 posticis
1372 1220 1556 1272 pallidio-

681 1274 786 1314 ribus
808 1305 819 1323 ‚
849 1275 1031 1314 antennis
1056 1275 1332 1314 mediocribus.
1356 1276 1376 1296 ‘²

626 1327 749 1369 Faun.
780 1329 905 1369 Fridr.
943 1345 981 1368 n.
1012 1329 1100 1379 565.

624 1383 717 1423 Fab.
748 1384 879 1436 pusilla
906 1387 987 1423 an?

626 1438 724 1479 Hah.
754 1440 789 1476 in
826 1441 996 1490 Europa.
1024 1440 1066 1478 In
1097 1438 1251 1477 Breffia.
1277 1441 1329 1478 V.

625 1492 738 1542 Deft.
770 1491 932 1532 Thorax
960 1492 1118 1544 pilosus.
1145 1492 1349 1532 Abdomen
1373 1494 1558 1546 utrinque

680 1548 783 1586 linea
810 1546 1085 1601 longitudinali
1127 1547 1284 1598 pallida.
1318 1549 1440 1598 Αἶα»,
1478 1551 1554 1588 im-

677 1603 810 1653 primis
852 1604 901 1641 ad
940 1602 1184 1655 marginem,
1228 1602 1384 1643 ciliatae.
1425 1603 1551 1643 Faun.

684 1667 701 1693 1
727 1688 733 1693 .
791 1686 799 1695 .

626 1666 866 1760 Obsiwgonf.
895 1711 987 1750 disc.
1005 1710 1059 1748 D.
1082 1710 1173 1750 Fal».
1201 1726 1337 1761 corpus
1362 1725 1552 1764 parvum,

678 1765 899 1806 obscurum.
932 1765 1129 1805 Antennoe
1169 1766 1416 1819 longitudine
1453 1780 1554 1806 cor-

680 1821 787 1873 poris
803 1851 814 1868 ,
833 1821 1044 1860 annulatae.
1064 1820 1155 1858 At'ae
1181 1822 1322 1859 antica>
1348 1822 1552 1870 testaceae‚

677 1874 820 1914 ciliatae
838 1905 851 1925 ‚
882 1876 1031 1926 postica:
1057 1877 1178 1929 magis
1204 1874 1333 1915 fuscae.

303 1994 543 2050 Marginata.
567 1995 630 2038 18.
661 1999 705 2037 P.
739 2001 755 2049 (
781 1997 817 2037 la
849 1999 997 2038 bordee
1023 1999 1040 2047 )
1074 2000 1270 2052 nigricans
1291 2030 1304 2050 ‚
1337 2001 1408 2041 alis
1439 2013 1549 2041 mar-

682 2052 773 2104 gine
806 2056 914 2093 omni
941 2053 1062 2093 flavo.

625 2105 719 2146 Fab.
750 2108 810 2146 16.

625 2159 721 2199 Hah.
754 2161 793 2199 in
829 2163 981 2203 Suecia.
1017 2161 1090 2202 le.
1126 2164 1331 2215 Bergmarz.

622 2215 778 2265 Corpus
832 2219 982 2266 nigrum
1012 2247 1024 2264 ,
1084 2221 1350 2268 magnitudine
1400 2220 1547 2260 culicis,

677 2270 839 2309 Thorax
875 2272 1017 2311 vellere
1060 2275 1226 2322 testaceo.
1268 2274 1356 2312 Alae
1392 2275 1547 2323 nigrae,

677 2324 802 2363 einaize
827 2328 998 2376 margine
1028 2328 1144 2368 luteo.
1183 2330 1308 2369 Pedes
1331 2329 1492 2377 testacei.

1270 2383 1545 2434 Longicornis.
