1661 2931
230 135 479 176 INSECTA
515 130 931 176 NEUROPTERA.
955 135 1234 177 Henwrobius.
1297 141 1342 184 51

459 245 591 294 albae,
632 246 749 285 venis
787 244 903 285 fuscis
944 244 1115 296 striatae3
1144 247 1258 288 venis
1288 246 1349 286 his

459 301 531 340 vix
565 301 1061 350 reticulato-connexis,
1113 302 1181 340 nisi
1225 302 1350 342 solum

453 356 497 395 in
524 355 595 395 alis
629 354 923 401 exterioribus,
953 355 1102 395 duabus
1128 367 1196 395 aut
1224 358 1350 396 tribus

455 411 626 464 margini
683 411 868 451 interiori
925 411 1179 462 propioribus
1209 426 1219 460 3
1269 413 1350 450 duo

455 466 683 506 exteriores
720 466 837 506 nervi
873 464 939 505 seu
972 467 1141 505 extimus
1174 468 1243 505 vix
1268 480 1350 505 uno

457 522 501 560 in
542 520 636 561 loco
682 521 966 569 connedtitur3
1013 530 1053 559 at
1098 520 1169 560 alae
1215 533 1355 560 omnes

460 586 668 627 quatuor,
714 578 763 616 ad
811 576 1030 628 marginem
1075 577 1353 623 exteriorem,

459 631 598 670 versus
626 632 815 685 apicem,
852 631 956 669 linea
992 629 1098 669 fusca
1137 632 1242 670 inter
1275 633 1355 669 duo

464 688 669 726 exteriora
715 685 806 726 vasa
862 694 1071 724 notantur.
1122 684 1272 735 Corpus
1321 686 1359 725 δε

448 742 571 801 pedes
613 742 740 794 nigra.
774 733 981 779 Abdomen
1023 739 1159 779 subtus
1197 750 1358 790 atium3

458 796 569 847 juxta
600 809 716 836 anum
740 797 827 835 duae
848 795 1088 848 appendices
1108 796 1203 835 brev
1210 795 1274 833 iffi
1268 808 1358 834 mee.

462 851 664 890 Antennae
700 852 851 913 nigrae,
884 849 1134 895 setiformes,
1170 849 1261 891 loni]
1255 851 1358 901 gitu-

460 907 555 946 dine
595 908 794 959 corporis.
847 903 1009 944 Thorax
1050 904 1315 957 planiulculus
1344 933 1357 954 ‚

465 963 598 1001 medio
627 973 848 1002 convexus.
883 960 1160 1014 Faun.1513.

415 1015 510 1066 Obs.
550 1020 608 1056 Ex
634 1017 872 1070 synonymia
900 1015 956 1055 D.
986 1015 1099 1054 Linn.
1119 1018 1155 1056 ὅ(
1176 1014 1237 1053 De
1256 1016 1356 1054 Gezer

466 1072 722 1111 hemerobius
766 1072 933 1110 lutarius
966 1071 1062 1122 syst.
1095 1073 1144 1110 ad
1177 1072 1259 1109 tab.
1294 1080 1359 1122 13.

465 1136 602 1178 aquat.
640 1127 798 1176 Roeselii
836 1124 1360 1165 refertiu.Clarifl.L1'nn.

465 1181 623 1233 Schaeffi
653 1182 766 1220 elem.
806 1192 837 1219 t.
862 1189 931 1233 97.
971 1180 1152 1219 indicat:
1183 1183 1362 1219 eamdem

462 1236 637 1276 tabulam
678 1239 715 1277 &
752 1238 835 1275 tab.
878 1236 1086 1287 incon.37.
1123 1239 1164 1288 f,
1194 1245 1216 1286 9
1241 1265 1250 1279 ,
1297 1246 1362 1274 10.

470 1292 660 1332 reclamat
691 1292 749 1332 D.
771 1292 869 1331 Fal).
904 1290 1118 1342 &insuper
1156 1290 1212 1330 D.
1239 1289 1363 1342 Geoffi

468 1347 745 1387 hemerobium
777 1347 954 1386 tertium.
993 1347 1143 1385 Omnes
1175 1358 1257 1384 non
1289 1346 1366 1397 igi„

469 1412 534 1441 tur
566 1403 606 1441 hi
642 1402 845 1444 doetiffimi
869 1402 1129 1455 Entomologi
1156 1413 1238 1440 non
1263 1413 1364 1440 con-

470 1459 656 1499 cordant.

415 1513 474 1552 1⁰.
510 1513 661 1553 Phrasis
688 1511 830 1553 clariss.
863 1512 979 1552 Zinn.
1005 1513 1283 1561 emendanda,
1317 1519 1364 1551 ut

470 1569 621 1621 optime
653 1568 869 1608 annotavit
900 1567 957 1608 D.
991 1569 1036 1606 de
1075 1566 1190 1606 Geer.

411 1625 475 1663 2⁰.
506 1626 595 1664 Hoc
626 1625 810 1664 infestum
839 1636 922 1663 non
962 1625 1010 1662 ad
1051 1621 1205 1675 Sclzaeffi
1247 1622 1361 1661 elem.

469 1690 501 1719 t.
533 1689 618 1731 97,
648 1679 713 1719 sed
739 1681 790 1718 ad
821 1681 923 1719 icon.
956 1690 986 1717 t.
1022 1687 1087 1731 37.
1109 1679 1150 1730 f.
1171 1687 1211 1730 9.
1240 1678 1276 1717 ὅ(
1312 1687 1362 1714 10

469 1733 750 1784 referendum,
787 1734 882 1775 licet
915 1733 1019 1773 hanc
1046 1733 1129 1773 tab.
1157 1745 1240 1773 non
1267 1732 1363 1772 indi-

472 1792 630 1829 caverit
662 1789 717 1829 D.
750 1791 796 1830 de
824 1789 939 1829 Geer.

418 1845 481 1899 3⁰.
512 1847 557 1884 In
583 1845 823 1899 synonymia
869 1844 925 1884 D.
961 1842 1058 1883 Fab.
1101 1842 1272 1884 delenda
1309 1840 1362 1882 est

478 1899 530 1940 D.
563 1899 686 1954 Geoffi
718 1902 875 1943 citatio.

416 1955 508 2005 Obs
553 1958 682 1997 Lente
723 1956 900 2001 volitat,
940 1953 1208 1994 stemmatibus
1250 1960 1363 1993 caret

474 2010 722 2064 thoraceque
756 2011 905 2065 duplici
931 2011 1094 2064 gaudet.
1118 2012 1172 2052 V.

88 2122 307 2166 Pedicula-
339 2133 406 2164 11.
439 2125 490 2165 H.
524 2121 597 2174 (le
617 2120 894 2175 pediculaire)
914 2119 1120 2162 virescens
1139 2149 1153 2170 ,
1178 2116 1363 2165 antennis

118 2181 217 2222 rius.
476 2177 761 2218 mediocribus.
784 2178 804 2197 '²

421 2230 521 2274 Hah.
555 2234 594 2271 in
622 2236 798 2285 Europa.

423 2291 540 2339 Desc-
575 2288 650 2328 Hic
676 2289 732 2328 ita
770 2287 920 2327 termiti
948 2286 1165 2341 pulsatorio
1203 2285 1375 2325 similis
1358 2311 1374 2330 ,

475 2354 547 2392 ut,
576 2345 719 2384 demtis
745 2341 841 2391 alis,
877 2344 946 2384 vix
979 2342 1133 2382 differat
1162 2340 1288 2386 facie,
1321 2351 1373 2378 cn.

476 2399 573 2440 sexu
603 2397 722 2442 solo?
764 2397 966 2439 Antennae
1010 2397 1195 2491 cossporis
1237 2395 1378 2449 longi-

1126 2465 1152 2504 ¹1
