1615 2942
186 159 272 216 τῖς,
322 156 566 199 Inuca-A
595 155 1063 197 HYMENOPTERA.
1086 157 1352 205 Ichneumorff

515 266 635 317 Defh.
681 266 809 318 Caput
852 267 1013 314 flavum.
1068 268 1269 310 Antennoe
1317 272 1464 326 nigraed

570 322 686 362 Oculi
701 323 836 371 rubri,
861 323 926 363 sed
953 333 1032 363 tam
1056 324 1232 366 suturate
1250 355 1262 375 ‚
1283 336 1327 366 ut
1353 328 1460 380 nigri

568 379 797 418 videantur.
827 377 989 417 Thorax
1022 379 1166 433 niger,
1204 381 1315 434 supra
1336 381 1463 421 -lineis

566 433 721 473 duabus
749 433 1107 486 longitudinalibus
1130 435 1243 475 flavis
1274 437 1309 475 ὅ(
1331 437 1463 474 utrin-

568 501 648 539 que
684 489 732 526 ad
760 488 866 528 basin
893 487 999 527 linea
1030 489 1105 528 alia
1139 491 1284 529 nitenti
1316 489 1458 540 fulva;

566 541 638 581 sub
688 542 759 582 alis
805 544 990 596 punnum
1038 543 1199 585 flavum.
1243 544 1462 584 Scutellum

570 596 735 637 flavum.
768 599 835 637 Ad
865 597 971 637 basin
1013 598 1233 639 abdominis
1274 600 1464 651 utrinque

570 651 771 703 squamula
803 653 919 692 flava.
951 651 1161 692 Abdomen
1189 653 1375 693 falcatum
1404 654 1466 693 sa·-

571 708 807 748 turatiffime
850 707 1011 747 rubrum
1061 721 1108 748 ac
1154 707 1238 749 fere
1273 709 1428 762 nigrum
1453 723 1465 747 ε

572 762 744 802 annulus
778 764 926 816 primus
950 790 963 809 ,
1011 763 1079 814 qui
1120 763 1268 803 inse&o
1321 762 1466 816 petioli

571 816 693 856 instar
715 817 769 856 est
788 847 801 864 ‚
829 819 940 869 apice
959 816 1086 857 flavus
1103 832 1114 867 ;
1134 817 1326 858 secundus
1346 816 1466 858 dorso

570 869 684 911 flavo
711 872 748 911 &
775 871 967 912 lateribus
996 871 1169 912 saturare
1197 873 1338 922 flavis3
1367 871 1467 912 reli-

569 927 639 977 qui
673 926 808 966 annuli
851 927 1039 978 utrinque
1085 926 1234 967 habent
1267 926 1461 967 maculam

571 981 856 1021 subrotundam
878 980 1021 1021 flavam
1043 980 1304 1034 sulphuream.
1334 981 1464 1020 Pedes

570 1035 697 1084 flavi,
738 1036 804 1076 sed
841 1036 977 1088 postici
1004 1034 1120 1076 fulvi.
1160 1036 1338 1075 Aculeus
1378 1049 1467 1078 cum

572 1090 731 1143 vaginis
760 1091 875 1144 niger
902 1090 970 1131 est.
996 1090 1091 1130 Αἶα·
1112 1092 1337 1143 fizperiores
1375 1090 1471 1130 sub-

573 1143 816 1199 ferrugineae
837 1174 852 1191 ‚
893 1145 1047 1186 macula
1093 1145 1303 1201 marginali
1354 1144 1461 1186 satu-

572 1200 741 1242 rariore.
774 1199 966 1245 Foemina0

197 1330 410 1385 Brachyu-
456 1336 520 1386 57.
548 1331 581 1372 Ι.
615 1331 634 1381 (
659 1329 696 1371 le
723 1340 840 1372 court
851 1331 876 1381 -)
899 1329 1060 1380 fulvus,
1086 1330 1255 1370 thorace
1275 1357 1284 1374 ‚
1308 1327 1467 1377 oculisg

222 1399 304 1428 rus.
575 1387 761 1426 antennis
783 1385 1081 1438 abdominisque
1103 1386 1181 1425 basi
1207 1385 1330 1438 nigris
1349 1414 1361 1434 ‚
1387 1383 1467 1424 scu-

577 1441 678 1481 tello
716 1441 828 1482 fulvo
852 1472 866 1491 ‚
906 1441 1120 1481 abdomine
1146 1440 1302 1480 lineari.

521 1496 622 1537 Hah.
655 1498 694 1536 in
722 1499 895 1549 Europa.

521 1552 640 1602 Desc.
676 1552 881 1591 Abdomen
918 1550 1173 1599 sublineare‚
1209 1547 1355 1595 seffile,
1392 1547 1471 1587 tes-

577 1617 736 1648 taceum
763 1608 875 1658 apice
897 1607 933 1646 &
950 1605 1108 1653 subtus,
1145 1604 1257 1657 supra
1282 1603 1360 1643 basi
1385 1601 1467 1641 late

575 1663 750 1716 nigrum.
779 1663 943 1710 Ρεξίυε,
967 1669 1176 1707 antennae,
1205 1659 1350 1698 thorax
1377 1669 1466 1696 cum

578 1716 736 1766 oculis«,
774 1718 900 1771 nigra.
944 1716 1070 1755 Pedes
1102 1713 1212 1755 flavi.
1253 1711 1378 1764 Caput
1418 1722 1469 1751 ex

576 1771 942 1813 flavo-testaceum.
970 1769 1163 1810 Foemina.

412 1897 477 1937 Ex
507 1894 599 1945 Hiss.
628 1894 699 1945 infi
723 1894 847 1945 paris:
875 1893 1118 1945 Entom.que
1141 1892 1265 1943 paris.

209 2021 438 2080 Inguinalis.
473 2019 535 2072 58.
566 2023 599 2060 Ι.
640 2022 659 2070 (
696 2017 869 2072 l’alonge'
906 2019 924 2068 )
985 2015 1154 2057 scutello
1208 2014 1421 2054 flavicante
1455 2043 1470 2062 ‚

584 2074 730 2128 niger,
764 2072 929 2126 pedibus
978 2071 1074 2111 rufis
1099 2101 1113 2122 ,
1155 2069 1348 2110 femorum
1391 2068 1470 2107 basi

584 2129 729 2182 punC‘to
757 2128 864 2168 albo.

531 2185 632 2225 Hah.
662 2185 701 2223 in
738 2186 910 2236 Europa,
946 2184 990 2221 In
1017 2180 1160 2221 Gallia.

532 2240 649 2290 Dese.
682 2237 880 2278 Antennae
907 2250 1052 2289 corpus
1076 2243 1291 2288 aequantes.
1320 2231 1470 2283 Corpus

587 2296 772 2348 nigrum,
819 2292 1065 2346 elongatum.
1121 2290 1323 2330 Femorum
1373 2288 1473 2329 basis.

588 2349 680 2389 albo
721 2348 917 2400 punff‘tata„
946 2347 1084 2387 Variat
1106 2375 1118 2394 ‚
1148 2344 1244 2384 teste
1265 2343 1320 2384 D.
1344 2340 1469 2397 Geoffi

587 2403 755 2447 scutello
791 2402 948 2452 thoraci
976 2400 1210 2445 concolore.
1227 2401 1281 2441 V,
