1661 2931
207 147 264 200 76
371 149 615 190 lusae-m
646 151 1106 194 HYMENOPTERA.
1134 152 1302 208 (ἳγηῐρς,1

540 259 664 313 Geqffl
705 262 774 311 ins:
795 263 920 313 paris]
953 279 995 315 p.
1025 273 1120 318 297.
1158 280 1196 304 η.
1221 276 1261 318 3.

540 315 641 356 Hah.
671 317 711 355 in
740 317 842 357 rubo
876 318 1002 359 caefio.

539 369 634 420 Obs.
661 372 700 410 in
733 372 907 412 caulibus
928 373 1016 413 rubi
1039 374 1139 413 caesii
1175 373 1335 425 ejusque
1351 372 1470 414 ramis

587 426 729 465 tubera
772 427 988 481 gignuntur
1030 428 1275 479 ssrurnaeque.
1317 430 1468 467 Harum

590 478 820 521 strumarum
863 483 1077 535 quasdam,
1132 496 1249 535 quum
1292 492 1475 534 tempore

587 546 719 575 verno
769 536 1025 589 adperuiffem
1059 567 1073 586 ‚
1125 537 1273 577 larvam
1329 536 1471 576 inveni

586 589 758 640 flavam,
786 591 871 643 ejus
900 592 1016 644 plane
1039 592 1186 632 coloris
1207 622 1219 640 ‚
1246 605 1360 643 quem
1395 592 1466 631 ovi

587 644 773 685 vitellum
813 645 946 686 habet.
991 645 1104 685 Oculi
1149 647 1332 686 aurantii.
1382 645 1475 684 Αἶα

589 700 775 739 nonnihil
815 702 1151 754 protuberantes,
1189 715 1265 741 nec
1290 702 1376 749 ita,
1415 700 1475 739 uti

592 754 635 793 in
676 756 973 807 papilionibus,
1017 756 1289 809 agglutinatae.
1334 754 1477 793 Aculei

587 810 734 861 vagina
768 812 816 849 ad
847 810 1003 850 dorsum
1036 811 1197 850 reflexa.
1233 811 1337 850 Hinc
1372 823 1474 861 pro-

587 863 661 901 diit
714 864 898 903 infectum
946 866 1007 904 M.
1056 865 1209 917 Majo,
1267 866 1478 917 punctato-

589 916 891 957 sericeo-viridi
929 928 1139 968 auratum,
1186 919 1269 959 seta
1295 920 1360 958 ani
1387 919 1476 959 bre-=

588 972 739 1023 viere,
782 985 899 1025 quam
931 986 1076 1026 corpus
1101 974 1160 1013 sit.
1646 988 1650 1083 Ι

210 1080 540 1136 Phragmitis.21.
570 1082 620 1122 C.
651 1083 759 1133 (des
790 1082 959 1123 roseaux
984 1084 1002 1134 )
1035 1083 1180 1136 nigra,
1216 1090 1479 1122 antennarum

587 1136 665 1176 basi
715 1137 957 1190 pedibusque
1008 1137 1188 1177 testaceis
1212 1167 1225 1186 ‚
1269 1137 1480 1176 abdomine

589 1191 783 1244 elongato
824 1193 864 1231 in
900 1194 1063 1232 caudam
1094 1193 1318 1245 porrectam
1345 1191 1480 1230 latam.

531 1246 633 1286 Hah.
677 1248 716 1285 in
760 1249 949 1299 Europa,
993 1248 1034 1286 in
1079 1246 1336 1286 arundinibus
1386 1246 1480 1285 anni

585 1301 743 1354 prioris.
762 1305 806 1342 In
829 1301 964 1341 insulis
983 1300 1313 1342 Rhodanensibus
1352 1309 1480 1353 prope

590 1357 847 1409 Lugdunum.
875 1359 929 1397 V.

533 1410 650 1460 Dese.
678 1411 805 1450 Color
823 1413 952 1465 niger.
986 1410 1111 1460 Αἶα»,
1138 1411 1253 1450 venis
1283 1410 1483 1463 percepti-

593 1465 739 1506 bilibus
795 1466 944 1514 nullis‚
994 1466 1272 1506 incumbentes
1300 1493 1313 1514 ‚
1364 1477 1411 1504 ac
1454 1464 1482 1503 st

590 1520 709 1560 unica
750 1519 860 1561 effet.
897 1520 1101 1560 Antennae
1132 1521 1283 1574 nigrae,
1311 1517 1483 1559 articulo

589 1584 728 1615 tamen
779 1576 909 1628 primo
944 1575 1165 1629 longiffimo
1196 1573 1367 1614 testaceo
1412 1587 1484 1625 pe-

591 1629 782 1681 dibusque
827 1629 1024 1670 testaceis.
1072 1629 1278 1668 Abdomen
1337 1628 1486 1681 postice
1646 1659 1647 1684 3

592 1692 823 1724 attenuatur
862 1685 902 1724 in
950 1686 1144 1734 caudam,
1188 1683 1300 1735 supra
1345 1683 1484 1736 cyIin-
1646 1685 1648 1728 ζ

589 1740 936 1788 drico-teretem‚
973 1738 1108 1778 subtus
1150 1737 1334 1790 planam,
1368 1737 1482 1788 apice
1646 1734 1648 1780 ᾗ

590 1793 739 1832 leviter
791 1793 999 1833 deflexam.
1055 1794 1095 1833 Si
1144 1793 1335 1831 adcurate
1396 1791 1485 1829 haec

592 1849 718 1887 cauda
742 1848 999 1901 inspiciatur,
1026 1846 1146 1888 semel
1173 1844 1384 1888 articulata
1406 1842 1484 1886 esse

589 1903 767 1944 videtur.

666 2013 733 2053 Ex
760 2010 887 2054 Faun.
916 2012 1045 2054 Fridr.

279 2123 448 2174 ¹Viridis.
479 2133 548 2168 22.
579 2124 627 2164 C.
662 2126 680 2175 (
707 2123 745 2164 le
770 2122 904 2172 verd)
933 2121 1117 2162 antennis
1139 2121 1304 2161 clavatis
1332 2121 1483 2174 nigris,

601 2179 731 2231 capite
750 2208 763 2227 ,
824 2176 992 2217 thorace
1010 2206 1023 2225 ‚
1079 2176 1290 2216 abdomine
1341 2188 1485 2215 aeneo-

599 2233 794 2296 viridibus
817 2261 830 2282 ,
877 2230 1007 2272 oculis
1055 2231 1182 2271 rubris
1205 2260 1219 2281 ‚
1269 2229 1485 2270 femoribus

601 2302 641 2328 n1
673 2301 743 2328 ris.

547 2301 670 2385 ΗαὶίῘ(ζ
690 2343 729 2381 in
771 2340 886 2396 gallis
926 2340 1070 2385 lanatis
1125 2339 1294 2394 foliique
1347 2336 1484 2392 plicati

601 2408 786 2452 quercus,
