<?xml version="1.0" encoding="UTF-8"?>
<!DOCTYPE html PUBLIC "-//W3C//DTD XHTML 1.0 Transitional//EN"
    "http://www.w3.org/TR/xhtml1/DTD/xhtml1-transitional.dtd">
<html xmlns="http://www.w3.org/1999/xhtml" xml:lang="en" lang="en">
 <head>
  <title>
</title>
<meta http-equiv="Content-Type" content="text/html;charset=utf-8" />
  <meta name='ocr-system' content='tesseract 3.04.00' />
  <meta name='ocr-capabilities' content='ocr_page ocr_carea ocr_par ocr_line ocrx_word'/>
</head>
<body>
  <div class='ocr_page' id='page_1' title='image "./carolilinnaeient03linn_0278.png"; bbox 0 0 1615 2942; ppageno 0'>
   <div class='ocr_carea' id='block_1_1' title="bbox 230 138 1324 194">
    <p class='ocr_par' dir='ltr' id='par_1_1' title="bbox 230 138 1324 194">
     <span class='ocr_line' id='line_1_1' title="bbox 230 138 1324 194; baseline 0.002 -16"><span class='ocrx_word' id='word_1_1' title='bbox 230 138 312 191; x_wconf 67' lang='lat'>264</span> <span class='ocrx_word' id='word_1_2' title='bbox 421 141 659 182; x_wconf 75' lang='lat' dir='ltr'>INSECTA</span> <span class='ocrx_word' id='word_1_3' title='bbox 690 141 1152 180; x_wconf 77' lang='lat' dir='ltr'>HYMENOPTERA.</span> <span class='ocrx_word' id='word_1_4' title='bbox 1179 141 1324 194; x_wconf 76' lang='lat' dir='ltr'>Vespa.</span> 
     </span>
    </p>
   </div>
   <div class='ocr_carea' id='block_1_2' title="bbox 560 248 1554 1931">
    <p class='ocr_par' dir='ltr' id='par_1_2' title="bbox 610 248 1495 520">
     <span class='ocr_line' id='line_1_2' title="bbox 610 248 1490 304; baseline -0.002 -14"><span class='ocrx_word' id='word_1_5' title='bbox 610 250 829 290; x_wconf 75' lang='lat' dir='ltr'><em>abdominis</em></span> <span class='ocrx_word' id='word_1_6' title='bbox 898 250 1011 304; x_wconf 87' lang='lat' dir='ltr'>nigra</span> <span class='ocrx_word' id='word_1_7' title='bbox 1041 279 1054 299; x_wconf 90' lang='lat'><strong>‚</strong></span> <span class='ocrx_word' id='word_1_8' title='bbox 1121 251 1253 289; x_wconf 87' lang='lat' dir='ltr'>omnia</span> <span class='ocrx_word' id='word_1_9' title='bbox 1313 248 1490 302; x_wconf 77' lang='lat' dir='ltr'>margine</span> 
     </span>
     <span class='ocr_line' id='line_1_3' title="bbox 611 304 1494 358; baseline -0.005 -13"><span class='ocrx_word' id='word_1_10' title='bbox 611 306 744 354; x_wconf 87' lang='lat' dir='ltr'>flava,</span> <span class='ocrx_word' id='word_1_11' title='bbox 787 305 830 344; x_wconf 89' lang='lat' dir='ltr'>in</span> <span class='ocrx_word' id='word_1_12' title='bbox 877 304 1027 358; x_wconf 87' lang='lat' dir='ltr'>fingulo</span> <span class='ocrx_word' id='word_1_13' title='bbox 1072 305 1151 344; x_wconf 92' lang='lat' dir='ltr'>duo</span> <span class='ocrx_word' id='word_1_14' title='bbox 1197 305 1336 357; x_wconf 61' lang='lat' dir='ltr'>puncta</span> <span class='ocrx_word' id='word_1_15' title='bbox 1381 306 1494 356; x_wconf 74' lang='lat' dir='ltr'>nigra</span> 
     </span>
     <span class='ocr_line' id='line_1_4' title="bbox 614 358 1494 413; baseline -0.006 -13"><span class='ocrx_word' id='word_1_16' title='bbox 614 372 798 400; x_wconf 83' lang='lat' dir='ltr'>connexa</span> <span class='ocrx_word' id='word_1_17' title='bbox 831 372 919 399; x_wconf 90' lang='lat' dir='ltr'>cum</span> <span class='ocrx_word' id='word_1_18' title='bbox 960 360 1167 413; x_wconf 85' lang='lat' dir='ltr'><strong>nigredine</strong></span> <span class='ocrx_word' id='word_1_19' title='bbox 1212 361 1252 398; x_wconf 84' lang='lat' dir='ltr'>in</span> <span class='ocrx_word' id='word_1_20' title='bbox 1295 358 1494 412; x_wconf 73' lang='lat' dir='ltr'>prioribus</span> 
     </span>
     <span class='ocr_line' id='line_1_5' title="bbox 612 411 1495 465; baseline -0.005 -10"><span class='ocrx_word' id='word_1_21' title='bbox 612 415 823 461; x_wconf 78' lang='lat' dir='ltr'>incisuris,</span> <span class='ocrx_word' id='word_1_22' title='bbox 865 415 905 452; x_wconf 90' lang='lat' dir='ltr'>in</span> <span class='ocrx_word' id='word_1_23' title='bbox 947 414 1232 465; x_wconf 86' lang='lat' dir='ltr'>posterioribus</span> <span class='ocrx_word' id='word_1_24' title='bbox 1268 425 1368 452; x_wconf 89' lang='lat' dir='ltr'>vero</span> <span class='ocrx_word' id='word_1_25' title='bbox 1414 411 1495 451; x_wconf 84' lang='lat' dir='ltr'>dis-</span> 
     </span>
     <span class='ocr_line' id='line_1_6' title="bbox 611 467 1365 520; baseline -0.001 -12"><span class='ocrx_word' id='word_1_26' title='bbox 611 470 745 509; x_wconf 62' lang='lat' dir='ltr'>tincta.</span> <span class='ocrx_word' id='word_1_27' title='bbox 778 467 902 507; x_wconf 81' lang='lat' dir='ltr'>Tibiae</span> <span class='ocrx_word' id='word_1_28' title='bbox 936 469 1062 508; x_wconf 87' lang='lat' dir='ltr'>flavae.</span> <span class='ocrx_word' id='word_1_29' title='bbox 1098 468 1218 508; x_wconf 79' lang='lat' dir='ltr'>Faun.</span> <span class='ocrx_word' id='word_1_30' title='bbox 1246 468 1365 520; x_wconf 86' lang='lat'>1671.</span> 
     </span>
    </p>

    <p class='ocr_par' dir='ltr' id='par_1_3' title="bbox 560 521 1503 958">
     <span class='ocr_line' id='line_1_7' title="bbox 560 521 1495 575; baseline -0.005 -11"><span class='ocrx_word' id='word_1_31' title='bbox 560 524 650 572; x_wconf 70' lang='lat' dir='ltr'>obſs</span> <span class='ocrx_word' id='word_1_32' title='bbox 694 535 732 562; x_wconf 83' lang='lat'>1.</span> <span class='ocrx_word' id='word_1_33' title='bbox 777 522 878 562; x_wconf 84' lang='lat' dir='ltr'>Hab.</span> <span class='ocrx_word' id='word_1_34' title='bbox 935 523 1038 562; x_wconf 89' lang='lat' dir='ltr'>intra</span> <span class='ocrx_word' id='word_1_35' title='bbox 1085 531 1229 562; x_wconf 87' lang='lat' dir='ltr'>terram</span> <span class='ocrx_word' id='word_1_36' title='bbox 1276 521 1495 575; x_wconf 74' lang='lat' dir='ltr'>gregaria3</span> 
     </span>
     <span class='ocr_line' id='line_1_8' title="bbox 615 575 1500 631; baseline -0.005 -13"><span class='ocrx_word' id='word_1_37' title='bbox 615 577 878 631; x_wconf 63' lang='lat' dir='ltr'>superstructis</span> <span class='ocrx_word' id='word_1_38' title='bbox 929 579 1054 616; x_wconf 89' lang='lat' dir='ltr'>aditui</span> <span class='ocrx_word' id='word_1_39' title='bbox 1092 578 1250 631; x_wconf 86' lang='lat' dir='ltr'>ignibus</span> <span class='ocrx_word' id='word_1_40' title='bbox 1286 589 1368 616; x_wconf 91' lang='lat' dir='ltr'>non</span> <span class='ocrx_word' id='word_1_41' title='bbox 1408 575 1500 627; x_wconf 80' lang='lat' dir='ltr'>pel-</span> 
     </span>
     <span class='ocr_line' id='line_1_9' title="bbox 613 630 1499 685; baseline -0.006 -12"><span class='ocrx_word' id='word_1_42' title='bbox 613 634 763 680; x_wconf 88' lang='lat' dir='ltr'>lenda;</span> <span class='ocrx_word' id='word_1_43' title='bbox 805 645 876 684; x_wconf 91' lang='lat' dir='ltr'>per</span> <span class='ocrx_word' id='word_1_44' title='bbox 913 632 1012 671; x_wconf 86' lang='lat' dir='ltr'>altas</span> <span class='ocrx_word' id='word_1_45' title='bbox 1048 632 1179 685; x_wconf 82' lang='lat' dir='ltr'>sylvas</span> <span class='ocrx_word' id='word_1_46' title='bbox 1218 630 1499 671; x_wconf 77' lang='lat' dir='ltr'>itinerantibus</span> 
     </span>
     <span class='ocr_line' id='line_1_10' title="bbox 616 685 1499 737; baseline -0.006 -9"><span class='ocrx_word' id='word_1_47' title='bbox 616 687 903 736; x_wconf 79' lang='lat' dir='ltr'>molestiffima3</span> <span class='ocrx_word' id='word_1_48' title='bbox 932 687 997 727; x_wconf 88' lang='lat' dir='ltr'>sed</span> <span class='ocrx_word' id='word_1_49' title='bbox 1019 686 1066 727; x_wconf 89' lang='lat' dir='ltr'>ab</span> <span class='ocrx_word' id='word_1_50' title='bbox 1084 687 1173 726; x_wconf 88' lang='lat' dir='ltr'>urso</span> <span class='ocrx_word' id='word_1_51' title='bbox 1193 699 1271 725; x_wconf 83' lang='lat' dir='ltr'>una</span> <span class='ocrx_word' id='word_1_52' title='bbox 1298 685 1499 737; x_wconf 28' lang='lat' dir='ltr'>cumhnido</span> 
     </span>
     <span class='ocr_line' id='line_1_11' title="bbox 618 742 1501 792; baseline -0.007 -9"><span class='ocrx_word' id='word_1_53' title='bbox 618 743 839 790; x_wconf 87' lang='lat' dir='ltr'>effoditur,</span> <span class='ocrx_word' id='word_1_54' title='bbox 880 743 1114 782; x_wconf 85' lang='lat' dir='ltr'>devoratur.</span> <span class='ocrx_word' id='word_1_55' title='bbox 1159 742 1286 780; x_wconf 89' lang='lat' dir='ltr'>Etiam</span> <span class='ocrx_word' id='word_1_56' title='bbox 1325 742 1365 779; x_wconf 87' lang='lat' dir='ltr'>in</span> <span class='ocrx_word' id='word_1_57' title='bbox 1404 751 1501 792; x_wconf 79' lang='lat' dir='ltr'>gra-</span> 
     </span>
     <span class='ocr_line' id='line_1_12' title="bbox 617 794 1501 849; baseline -0.005 -13"><span class='ocrx_word' id='word_1_58' title='bbox 617 799 738 837; x_wconf 88' lang='lat' dir='ltr'>nariis</span> <span class='ocrx_word' id='word_1_59' title='bbox 764 810 851 836; x_wconf 89' lang='lat' dir='ltr'>cum</span> <span class='ocrx_word' id='word_1_60' title='bbox 880 796 1075 836; x_wconf 76' lang='lat' dir='ltr'>crabrone</span> <span class='ocrx_word' id='word_1_61' title='bbox 1105 797 1274 849; x_wconf 73' lang='lat' dir='ltr'>praedam</span> <span class='ocrx_word' id='word_1_62' title='bbox 1301 794 1469 848; x_wconf 83' lang='lat' dir='ltr'>partitur</span> <span class='ocrx_word' id='word_1_63' title='bbox 1487 824 1501 843; x_wconf 63' lang='lat'>⁹</span> 
     </span>
     <span class='ocr_line' id='line_1_13' title="bbox 617 847 1503 904; baseline -0.006 -13"><span class='ocrx_word' id='word_1_64' title='bbox 617 851 673 891; x_wconf 91' lang='lat' dir='ltr'>ibi</span> <span class='ocrx_word' id='word_1_65' title='bbox 702 851 911 890; x_wconf 87' lang='lat' dir='ltr'>nidificans</span> <span class='ocrx_word' id='word_1_66' title='bbox 934 853 969 891; x_wconf 73' lang='grc' dir='ltr'>ὃ(</span> <span class='ocrx_word' id='word_1_67' title='bbox 991 851 1186 904; x_wconf 78' lang='lat' dir='ltr'>publicam</span> <span class='ocrx_word' id='word_1_68' title='bbox 1209 859 1422 902; x_wconf 83' lang='lat' dir='ltr'>propterea</span> <span class='ocrx_word' id='word_1_69' title='bbox 1447 847 1503 887; x_wconf 88' lang='lat' dir='ltr'>ibi</span> 
     </span>
     <span class='ocr_line' id='line_1_14' title="bbox 617 904 1501 958; baseline -0.003 -12"><span class='ocrx_word' id='word_1_70' title='bbox 617 906 870 946; x_wconf 79' lang='lat' dir='ltr'>securitatem</span> <span class='ocrx_word' id='word_1_71' title='bbox 891 918 912 944; x_wconf 87' lang='lat' dir='ltr'>a</span> <span class='ocrx_word' id='word_1_72' title='bbox 930 906 1086 945; x_wconf 84' lang='lat' dir='ltr'>colonis</span> <span class='ocrx_word' id='word_1_73' title='bbox 1112 906 1339 958; x_wconf 84' lang='lat' dir='ltr'>promerita.</span> <span class='ocrx_word' id='word_1_74' title='bbox 1358 904 1501 943; x_wconf 70' lang='lat' dir='ltr'>Enu1120</span> 
     </span>
    </p>

    <p class='ocr_par' dir='ltr' id='par_1_4' title="bbox 569 958 1510 1273">
     <span class='ocr_line' id='line_1_15' title="bbox 569 958 1503 1012; baseline -0.006 -11"><span class='ocrx_word' id='word_1_75' title='bbox 569 961 658 1011; x_wconf 77' lang='lat' dir='ltr'>obs.</span> <span class='ocrx_word' id='word_1_76' title='bbox 691 972 730 1000; x_wconf 81' lang='lat'>2.</span> <span class='ocrx_word' id='word_1_77' title='bbox 769 963 865 1000; x_wconf 87' lang='lat' dir='ltr'>Haec</span> <span class='ocrx_word' id='word_1_78' title='bbox 891 960 1007 1012; x_wconf 83' lang='lat' dir='ltr'>vespa</span> <span class='ocrx_word' id='word_1_79' title='bbox 1044 973 1064 998; x_wconf 87' lang='lat' dir='ltr'>a</span> <span class='ocrx_word' id='word_1_80' title='bbox 1096 960 1153 1000; x_wconf 88' lang='lat' dir='ltr'>D.</span> <span class='ocrx_word' id='word_1_81' title='bbox 1191 959 1314 1012; x_wconf 83' lang='lat' dir='ltr'>Geoff.</span> <span class='ocrx_word' id='word_1_82' title='bbox 1354 958 1503 1010; x_wconf 74' lang='lat' dir='ltr'>optime</span> 
     </span>
     <span class='ocr_line' id='line_1_16' title="bbox 619 1013 1504 1067; baseline -0.006 -12"><span class='ocrx_word' id='word_1_83' title='bbox 619 1015 829 1067; x_wconf 88' lang='lat' dir='ltr'>descripta.</span> <span class='ocrx_word' id='word_1_84' title='bbox 882 1013 1101 1054; x_wconf 68' lang='lat' dir='ltr'>Abdomen&#39;</span> <span class='ocrx_word' id='word_1_85' title='bbox 1141 1013 1345 1061; x_wconf 76' lang='lat' dir='ltr'>foeminae,</span> <span class='ocrx_word' id='word_1_86' title='bbox 1386 1013 1504 1050; x_wconf 82' lang='lat' dir='ltr'>maris</span> 
     </span>
     <span class='ocr_line' id='line_1_17' title="bbox 622 1067 1506 1122; baseline -0.006 -12"><span class='ocrx_word' id='word_1_87' title='bbox 622 1071 832 1110; x_wconf 78' lang='lat' dir='ltr'>abdomine</span> <span class='ocrx_word' id='word_1_88' title='bbox 848 1069 981 1122; x_wconf 83' lang='lat' dir='ltr'>paullo</span> <span class='ocrx_word' id='word_1_89' title='bbox 998 1068 1209 1109; x_wconf 87' lang='lat' dir='ltr'>diversum.</span> <span class='ocrx_word' id='word_1_90' title='bbox 1230 1068 1375 1109; x_wconf 71' lang='grc' dir='ltr'>Ρυῃᾶει</span> <span class='ocrx_word' id='word_1_91' title='bbox 1391 1067 1506 1120; x_wconf 83' lang='lat' dir='ltr'>nigra</span> 
     </span>
     <span class='ocr_line' id='line_1_18' title="bbox 622 1123 1510 1177; baseline -0.007 -12"><span class='ocrx_word' id='word_1_92' title='bbox 622 1127 663 1165; x_wconf 85' lang='lat' dir='ltr'>in</span> <span class='ocrx_word' id='word_1_93' title='bbox 690 1125 897 1170; x_wconf 87' lang='lat' dir='ltr'>omnibus,</span> <span class='ocrx_word' id='word_1_94' title='bbox 925 1123 1053 1164; x_wconf 84' lang='lat' dir='ltr'>fasciae</span> <span class='ocrx_word' id='word_1_95' title='bbox 1085 1125 1209 1177; x_wconf 83' lang='lat' dir='ltr'>nigrae</span> <span class='ocrx_word' id='word_1_96' title='bbox 1227 1136 1310 1162; x_wconf 88' lang='lat' dir='ltr'>non</span> <span class='ocrx_word' id='word_1_97' title='bbox 1336 1124 1510 1161; x_wconf 42' lang='lat' dir='ltr'>adnexae.</span> 
     </span>
     <span class='ocr_line' id='line_1_19' title="bbox 621 1175 1503 1232; baseline -0.003 -14"><span class='ocrx_word' id='word_1_98' title='bbox 621 1182 809 1232; x_wconf 83' lang='lat' dir='ltr'>Quatuor</span> <span class='ocrx_word' id='word_1_99' title='bbox 851 1179 1068 1218; x_wconf 86' lang='lat' dir='ltr'>varietates</span> <span class='ocrx_word' id='word_1_100' title='bbox 1117 1180 1159 1218; x_wconf 87' lang='lat' dir='ltr'>in</span> <span class='ocrx_word' id='word_1_101' title='bbox 1210 1191 1334 1231; x_wconf 85' lang='lat' dir='ltr'>opere</span> <span class='ocrx_word' id='word_1_102' title='bbox 1386 1175 1503 1229; x_wconf 63' lang='lat' dir='ltr'>paris,</span> 
     </span>
     <span class='ocr_line' id='line_1_20' title="bbox 621 1233 882 1273; baseline -0.004 0"><span class='ocrx_word' id='word_1_103' title='bbox 621 1237 754 1273; x_wconf 81' lang='lat' dir='ltr'>citatae</span> <span class='ocrx_word' id='word_1_104' title='bbox 780 1233 882 1273; x_wconf 83' lang='lat' dir='ltr'>sunt.</span> 
     </span>
    </p>

    <p class='ocr_par' dir='ltr' id='par_1_5' title="bbox 573 1286 1554 1452">
     <span class='ocr_line' id='line_1_21' title="bbox 573 1286 1508 1339; baseline -0.005 -10"><span class='ocrx_word' id='word_1_105' title='bbox 573 1292 630 1329; x_wconf 84' lang='lat'>1⁰.</span> <span class='ocrx_word' id='word_1_106' title='bbox 665 1289 789 1339; x_wconf 61' lang='lat' dir='ltr'>Vespa</span> <span class='ocrx_word' id='word_1_107' title='bbox 825 1288 993 1328; x_wconf 82' lang='lat' dir='ltr'>thorace</span> <span class='ocrx_word' id='word_1_108' title='bbox 1014 1287 1174 1328; x_wconf 81' lang='lat' dir='ltr'>lineolis</span> <span class='ocrx_word' id='word_1_109' title='bbox 1205 1289 1323 1327; x_wconf 82' lang='lat' dir='ltr'>trium</span> <span class='ocrx_word' id='word_1_110' title='bbox 1350 1286 1508 1338; x_wconf 85' lang='lat' dir='ltr'>parium·</span> 
     </span>
     <span class='ocr_line' id='line_1_22' title="bbox 625 1341 1508 1393; baseline -0.003 -11"><span class='ocrx_word' id='word_1_111' title='bbox 625 1343 889 1383; x_wconf 84' lang='lat' dir='ltr'>differentium</span> <span class='ocrx_word' id='word_1_112' title='bbox 946 1342 1244 1383; x_wconf 85' lang='lat' dir='ltr'>flavescentium</span> <span class='ocrx_word' id='word_1_113' title='bbox 1284 1372 1296 1391; x_wconf 80' lang='lat'><strong>‚</strong></span> <span class='ocrx_word' id='word_1_114' title='bbox 1353 1341 1508 1393; x_wconf 73' lang='lat' dir='ltr'>punffis</span> 
     </span>
     <span class='ocr_line' id='line_1_23' title="bbox 628 1397 1554 1452; baseline -0.001 -16"><span class='ocrx_word' id='word_1_115' title='bbox 628 1398 751 1452; x_wconf 84' lang='lat' dir='ltr'>nigris</span> <span class='ocrx_word' id='word_1_116' title='bbox 778 1397 1033 1437; x_wconf 87' lang='lat' dir='ltr'>incisurarum</span> <span class='ocrx_word' id='word_1_117' title='bbox 1063 1398 1270 1440; x_wconf 78' lang='lat' dir='ltr'>connexis.</span> <span class='ocrx_word' id='word_1_118' title='bbox 1551 1443 1554 1445; x_wconf 9' lang='grc' dir='ltr'>μ</span> 
     </span>
    </p>

    <p class='ocr_par' dir='ltr' id='par_1_6' title="bbox 570 1451 1507 1613">
     <span class='ocr_line' id='line_1_24' title="bbox 570 1451 1507 1503; baseline -0.004 -10"><span class='ocrx_word' id='word_1_119' title='bbox 570 1455 631 1496; x_wconf 77' lang='lat'>2⁰.</span> <span class='ocrx_word' id='word_1_120' title='bbox 665 1453 789 1502; x_wconf 59' lang='lat' dir='ltr'>Vespa</span> <span class='ocrx_word' id='word_1_121' title='bbox 831 1451 998 1493; x_wconf 81' lang='lat' dir='ltr'>thorace</span> <span class='ocrx_word' id='word_1_122' title='bbox 1034 1451 1193 1491; x_wconf 81' lang='lat' dir='ltr'>lineolis</span> <span class='ocrx_word' id='word_1_123' title='bbox 1232 1460 1402 1503; x_wconf 84' lang='lat' dir='ltr'>quatuor</span> <span class='ocrx_word' id='word_1_124' title='bbox 1430 1463 1507 1503; x_wconf 84' lang='lat' dir='ltr'>pa·-</span> 
     </span>
     <span class='ocr_line' id='line_1_25' title="bbox 625 1505 1507 1558; baseline -0.003 -11"><span class='ocrx_word' id='word_1_125' title='bbox 625 1508 725 1547; x_wconf 85' lang='lat' dir='ltr'>rium</span> <span class='ocrx_word' id='word_1_126' title='bbox 742 1506 1006 1546; x_wconf 85' lang='lat' dir='ltr'>differentium</span> <span class='ocrx_word' id='word_1_127' title='bbox 1020 1505 1317 1547; x_wconf 87' lang='lat' dir='ltr'>flavescentium</span> <span class='ocrx_word' id='word_1_128' title='bbox 1329 1536 1340 1555; x_wconf 88' lang='lat'>‚</span> <span class='ocrx_word' id='word_1_129' title='bbox 1355 1506 1507 1558; x_wconf 60' lang='lat' dir='ltr'>punftis</span> 
     </span>
     <span class='ocr_line' id='line_1_26' title="bbox 625 1560 1275 1613; baseline 0 -12"><span class='ocrx_word' id='word_1_130' title='bbox 625 1562 752 1613; x_wconf 73' lang='lat' dir='ltr'>nigris</span> <span class='ocrx_word' id='word_1_131' title='bbox 782 1560 1038 1603; x_wconf 86' lang='lat' dir='ltr'>incisurarum</span> <span class='ocrx_word' id='word_1_132' title='bbox 1066 1561 1275 1601; x_wconf 81' lang='lat' dir='ltr'>connexis.</span> 
     </span>
    </p>

    <p class='ocr_par' dir='ltr' id='par_1_7' title="bbox 573 1615 1509 1779">
     <span class='ocr_line' id='line_1_27' title="bbox 573 1615 1508 1671; baseline -0.003 -14"><span class='ocrx_word' id='word_1_133' title='bbox 573 1619 634 1671; x_wconf 77' lang='lat'>3⁰.</span> <span class='ocrx_word' id='word_1_134' title='bbox 668 1616 792 1666; x_wconf 69' lang='lat' dir='ltr'>Vespa</span> <span class='ocrx_word' id='word_1_135' title='bbox 827 1616 993 1656; x_wconf 83' lang='lat' dir='ltr'>thorace</span> <span class='ocrx_word' id='word_1_136' title='bbox 1032 1615 1189 1655; x_wconf 87' lang='lat' dir='ltr'>lineolis</span> <span class='ocrx_word' id='word_1_137' title='bbox 1223 1617 1394 1668; x_wconf 86' lang='lat' dir='ltr'>quinque</span> <span class='ocrx_word' id='word_1_138' title='bbox 1431 1628 1508 1668; x_wconf 83' lang='lat' dir='ltr'>pa-</span> 
     </span>
     <span class='ocr_line' id='line_1_28' title="bbox 624 1669 1509 1724; baseline -0.002 -13"><span class='ocrx_word' id='word_1_139' title='bbox 624 1672 724 1713; x_wconf 84' lang='lat' dir='ltr'>rium</span> <span class='ocrx_word' id='word_1_140' title='bbox 744 1670 1007 1709; x_wconf 85' lang='lat' dir='ltr'>differentium</span> <span class='ocrx_word' id='word_1_141' title='bbox 1022 1669 1317 1710; x_wconf 87' lang='lat' dir='ltr'>flavescentium</span> <span class='ocrx_word' id='word_1_142' title='bbox 1330 1700 1342 1717; x_wconf 93' lang='lat'><strong><em>,</em></strong></span> <span class='ocrx_word' id='word_1_143' title='bbox 1356 1671 1509 1724; x_wconf 72' lang='lat' dir='ltr'>punffis</span> 
     </span>
     <span class='ocr_line' id='line_1_29' title="bbox 625 1724 1274 1779; baseline -0.002 -13"><span class='ocrx_word' id='word_1_144' title='bbox 625 1726 749 1779; x_wconf 87' lang='lat' dir='ltr'>nigris</span> <span class='ocrx_word' id='word_1_145' title='bbox 776 1724 1032 1764; x_wconf 78' lang='lat' dir='ltr'>incisurarum</span> <span class='ocrx_word' id='word_1_146' title='bbox 1066 1726 1274 1765; x_wconf 82' lang='lat' dir='ltr'>connexis.</span> 
     </span>
    </p>

    <p class='ocr_par' dir='ltr' id='par_1_8' title="bbox 572 1779 1509 1931">
     <span class='ocr_line' id='line_1_30' title="bbox 572 1779 1509 1834; baseline 0 -15"><span class='ocrx_word' id='word_1_147' title='bbox 572 1784 633 1834; x_wconf 80' lang='lat'>4⁰.</span> <span class='ocrx_word' id='word_1_148' title='bbox 661 1781 784 1831; x_wconf 60' lang='lat' dir='ltr'>Vespa</span> <span class='ocrx_word' id='word_1_149' title='bbox 811 1779 977 1820; x_wconf 87' lang='lat' dir='ltr'>thorace</span> <span class='ocrx_word' id='word_1_150' title='bbox 1000 1779 1156 1820; x_wconf 86' lang='lat' dir='ltr'>lineolis</span> <span class='ocrx_word' id='word_1_151' title='bbox 1174 1782 1339 1819; x_wconf 88' lang='lat' dir='ltr'>duorum</span> <span class='ocrx_word' id='word_1_152' title='bbox 1359 1780 1509 1831; x_wconf 73' lang='lat' dir='ltr'>parium</span> 
     </span>
     <span class='ocr_line' id='line_1_31' title="bbox 627 1833 1509 1888; baseline -0.001 -14"><span class='ocrx_word' id='word_1_153' title='bbox 627 1835 894 1875; x_wconf 88' lang='lat' dir='ltr'>differentium</span> <span class='ocrx_word' id='word_1_154' title='bbox 908 1864 922 1884; x_wconf 86' lang='lat'>‚</span> <span class='ocrx_word' id='word_1_155' title='bbox 948 1835 1099 1888; x_wconf 64' lang='lat' dir='ltr'>punctis</span> <span class='ocrx_word' id='word_1_156' title='bbox 1114 1835 1236 1888; x_wconf 88' lang='lat' dir='ltr'>nigris</span> <span class='ocrx_word' id='word_1_157' title='bbox 1253 1833 1509 1874; x_wconf 81' lang='lat' dir='ltr'>incisurarum</span> 
     </span>
     <span class='ocr_line' id='line_1_32' title="bbox 627 1902 835 1931; baseline -0.005 0"><span class='ocrx_word' id='word_1_158' title='bbox 627 1902 835 1931; x_wconf 72' lang='lat' dir='ltr'>connexis.</span> 
     </span>
    </p>
   </div>
   <div class='ocr_carea' id='block_1_3' title="bbox 378 1998 1512 2433">
    <p class='ocr_par' dir='ltr' id='par_1_9' title="bbox 378 1998 1512 2162">
     <span class='ocr_line' id='line_1_33' title="bbox 378 1998 1512 2055; baseline -0.006 -11"><span class='ocrx_word' id='word_1_159' title='bbox 378 2003 496 2045; x_wconf 65' lang='lat' dir='ltr'>Rufa.</span> <span class='ocrx_word' id='word_1_160' title='bbox 529 2012 568 2055; x_wconf 88' lang='lat'>3.</span> <span class='ocrx_word' id='word_1_161' title='bbox 599 2002 653 2042; x_wconf 86' lang='lat' dir='ltr'>V.</span> <span class='ocrx_word' id='word_1_162' title='bbox 685 2000 764 2049; x_wconf 86' lang='lat' dir='ltr'>(la</span> <span class='ocrx_word' id='word_1_163' title='bbox 808 1999 981 2049; x_wconf 82' lang='lat' dir='ltr'>rouffe)</span> <span class='ocrx_word' id='word_1_164' title='bbox 1025 1999 1191 2039; x_wconf 85' lang='lat' dir='ltr'>thorace</span> <span class='ocrx_word' id='word_1_165' title='bbox 1235 1999 1419 2052; x_wconf 87' lang='lat' dir='ltr'>utrinque</span> <span class='ocrx_word' id='word_1_166' title='bbox 1455 1998 1512 2037; x_wconf 84' lang='lat' dir='ltr'>li-</span> 
     </span>
     <span class='ocr_line' id='line_1_34' title="bbox 629 2054 1508 2106; baseline 0.001 -13"><span class='ocrx_word' id='word_1_167' title='bbox 629 2055 748 2094; x_wconf 85' lang='lat' dir='ltr'>neola</span> <span class='ocrx_word' id='word_1_168' title='bbox 771 2085 782 2103; x_wconf 84' lang='lat'>,</span> <span class='ocrx_word' id='word_1_169' title='bbox 816 2054 984 2094; x_wconf 84' lang='lat' dir='ltr'>scutello</span> <span class='ocrx_word' id='word_1_170' title='bbox 1011 2054 1240 2106; x_wconf 67' lang='lat' dir='ltr'>bipunc&#39;tato</span> <span class='ocrx_word' id='word_1_171' title='bbox 1259 2086 1270 2106; x_wconf 82' lang='lat'>‚</span> <span class='ocrx_word' id='word_1_172' title='bbox 1299 2055 1508 2094; x_wconf 74' lang='lat' dir='ltr'>abdomine</span> 
     </span>
     <span class='ocr_line' id='line_1_35' title="bbox 628 2108 1216 2162; baseline 0.002 -14"><span class='ocrx_word' id='word_1_173' title='bbox 628 2109 735 2148; x_wconf 87' lang='lat' dir='ltr'>ssavo</span> <span class='ocrx_word' id='word_1_174' title='bbox 762 2111 893 2149; x_wconf 85' lang='lat' dir='ltr'>antice</span> <span class='ocrx_word' id='word_1_175' title='bbox 921 2108 1166 2162; x_wconf 82' lang='lat' dir='ltr'>ferrugineo.</span> <span class='ocrx_word' id='word_1_176' title='bbox 1195 2111 1216 2130; x_wconf 66' lang='lat'>&#39;‘</span> 
     </span>
    </p>

    <p class='ocr_par' dir='ltr' id='par_1_10' title="bbox 572 2163 1087 2215">
     <span class='ocr_line' id='line_1_36' title="bbox 572 2163 1087 2215; baseline -0.004 -11"><span class='ocrx_word' id='word_1_177' title='bbox 572 2166 734 2204; x_wconf 80' lang='lat' dir='ltr'>Reaum.</span> <span class='ocrx_word' id='word_1_178' title='bbox 762 2164 831 2212; x_wconf 80' lang='lat' dir='ltr'>ins.</span> <span class='ocrx_word' id='word_1_179' title='bbox 867 2163 905 2204; x_wconf 89' lang='lat'>6.</span> <span class='ocrx_word' id='word_1_180' title='bbox 939 2175 968 2203; x_wconf 81' lang='lat' dir='ltr'>t.</span> <span class='ocrx_word' id='word_1_181' title='bbox 1003 2166 1087 2215; x_wconf 75' lang='lat'>14?</span> 
     </span>
    </p>

    <p class='ocr_par' dir='ltr' id='par_1_11' title="bbox 572 2219 770 2259">
     <span class='ocr_line' id='line_1_37' title="bbox 572 2219 770 2259; baseline -0.01 0"><span class='ocrx_word' id='word_1_182' title='bbox 572 2219 670 2259; x_wconf 82' lang='lat' dir='ltr'>Fah.</span> <span class='ocrx_word' id='word_1_183' title='bbox 706 2229 770 2257; x_wconf 77' lang='grc' dir='ltr'>ΙΙ.</span> 
     </span>
    </p>

    <p class='ocr_par' dir='ltr' id='par_1_12' title="bbox 574 2272 907 2321">
     <span class='ocr_line' id='line_1_38' title="bbox 574 2272 907 2321; baseline -0.009 -6"><span class='ocrx_word' id='word_1_184' title='bbox 574 2275 718 2315; x_wconf 83' lang='lat' dir='ltr'><em>Enum.</em></span> <span class='ocrx_word' id='word_1_185' title='bbox 750 2289 787 2311; x_wconf 86' lang='lat' dir='ltr'>n.</span> <span class='ocrx_word' id='word_1_186' title='bbox 812 2272 907 2321; x_wconf 86' lang='lat'>788.</span> 
     </span>
    </p>

    <p class='ocr_par' dir='ltr' id='par_1_13' title="bbox 577 2327 811 2378">
     <span class='ocr_line' id='line_1_39' title="bbox 577 2327 811 2378; baseline 0 -10"><span class='ocrx_word' id='word_1_187' title='bbox 577 2329 689 2378; x_wconf 81' lang='lat' dir='ltr'>Scop.</span> <span class='ocrx_word' id='word_1_188' title='bbox 718 2327 811 2368; x_wconf 82' lang='lat'><em>826.</em></span> 
     </span>
    </p>

    <p class='ocr_par' dir='ltr' id='par_1_14' title="bbox 574 2380 1295 2433">
     <span class='ocr_line' id='line_1_40' title="bbox 574 2380 1295 2433; baseline -0.001 -9"><span class='ocrx_word' id='word_1_189' title='bbox 574 2383 691 2424; x_wconf 62' lang='lat' dir='ltr'>Milli.</span> <span class='ocrx_word' id='word_1_190' title='bbox 720 2382 806 2423; x_wconf 81' lang='lat' dir='ltr'>Lin.</span> <span class='ocrx_word' id='word_1_191' title='bbox 833 2382 937 2423; x_wconf 86' lang='lat' dir='ltr'>Nat.</span> <span class='ocrx_word' id='word_1_192' title='bbox 970 2383 1020 2423; x_wconf 86' lang='lat' dir='ltr'>cl.</span> <span class='ocrx_word' id='word_1_193' title='bbox 1050 2394 1096 2423; x_wconf 83' lang='lat' dir='ltr'>V.</span> <span class='ocrx_word' id='word_1_194' title='bbox 1128 2398 1171 2433; x_wconf 74' lang='lat' dir='ltr'>p.</span> <span class='ocrx_word' id='word_1_195' title='bbox 1197 2380 1295 2424; x_wconf 61' lang='lat'>8810,</span> 
     </span>
    </p>
   </div>
  </div>
 </body>
</html>
