1615 2942
258 66 334 110 544

527 63 767 103 INSECTA
798 55 1078 99 DIPTERA.
1110 61 1265 100 Musca.

636 168 911 209 incumbentes
931 199 943 217 ‚
970 169 1028 208 uti
1053 170 1091 208 in
1120 168 1257 223 apibus
1277 200 1289 217 ,
1312 170 1394 222 post
1422 185 1532 213 morm

638 234 719 264 tem
748 232 879 262 tamen
908 224 1108 275 parallelae
1145 227 1335 264 evadunt.
1379 226 1527 277 Corpus

641 288 770 319 totum
802 278 921 317 valde
956 277 1177 324 hirsutum,
1219 290 1263 318 ut
1310 281 1349 318 in
1394 282 1531 332 apibus

639 332 1026 381 bombinatricibus‚
1075 334 1288 385 praesertim
1322 348 1423 374 vero
1468 338 1529 388 api

639 391 838 429 hortorum
880 387 1043 427 omnino
1081 388 1223 427 fimilis.
1259 390 1389 442 Nigra
1422 402 1522 430 tota.

641 444 769 482 Frons
796 441 896 481 alba.
935 442 1070 481 Fascia
1099 444 1138 482 in
1168 442 1243 482 basi
1278 443 1454 484 thoracis
1488 446 1525 485 ὅ(

641 499 715 538 alia
748 510 816 548 per
843 496 1012 535 medium
1035 498 1254 537 abdominis
1277 499 1407 539 flavae.
1432 500 1525 538 Ab„

637 553 805 592 dominis
847 564 948 602 apex
989 551 1109 592 albet.
1152 553 1357 591 Abdomerz
1396 555 1524 594 musca

640 608 745 661 gerit
772 605 998 655 deflexum,
1037 608 1077 646 in
1117 607 1229 658 cujus
1264 608 1341 647 basi
1374 608 1402 647 s.
1437 609 1526 662 seg*

639 671 776 702 mento
803 661 928 713 primo
960 662 1147 713 utrinque
1181 661 1344 702 foveola
1376 676 1525 715 parva,

640 731 692 757 ex
720 715 832 768 cujus
860 725 1002 755 centro
1020 717 1232 768 peculiaris
1252 717 1363 756 fascis
1386 719 1526 757 oritur.

637 771 735 811 Αἶα]
775 770 979 823 hyaHnae,
1021 773 1153 810 medio
1196 772 1331 811 umbra
1376 770 1524 812 fusces-

641 835 772 866 cente.
806 825 1011 864 Abdomerz
1042 826 1175 865 subtus
1209 826 1402 880 glabrum.

584 882 719 934 Pappa
747 879 965 920 fuscescens
986 910 998 928 ‚
1027 879 1235 934 fuliginosa
1253 911 1266 929 ‚
1303 881 1435 933 gibba.
1457 882 1522 921 Ad

642 937 782 989 capitis
810 936 1015 988 regionem
1042 948 1213 988 corpora
1238 937 1317 974 duo
1345 938 1529 976 verruci-

638 991 806 1038 formia,
844 989 927 1028 fors
954 990 1109 1043 vaginae
1133 1003 1389 1029 verrucarum
1425 992 1526 1030 toti-

637 1049 728 1087 dem
767 1046 807 1085 in
844 1043 1048 1083 declarato
1081 1044 1226 1084 insecio
1252 1046 1291 1083 in
1320 1045 1396 1083 1)εῇ
1425 1045 1525 1084 tho-

635 1103 742 1142 racis
771 1099 839 1140 sub
872 1098 1035 1138 hirsutie
1068 1098 1291 1140 latentium.
1329 1102 1373 1138 In
1404 1099 1524 1139 dorso

637 1155 790 1196 macula
821 1153 909 1192 alba
944 1153 1112 1193 furcata.
1150 1154 1388 1193 Abdominis
1425 1168 1526 1207 apex

636 1209 939 1256 subaculeatus‚
973 1209 1225 1260 prominente
1255 1209 1411 1260 cuspide
1445 1214 1524 1248 va‘-

636 1266 742 1319 ginis
768 1262 918 1302 duabus
945 1262 1120 1309 inclusa,
1155 1275 1316 1315 quarum
1344 1262 1525 1315 superior

634 1319 735 1360 nihil
772 1317 877 1357 aliud
902 1345 914 1363 ,
959 1330 1073 1369 quam
1113 1318 1368 1358 continuatio
1408 1318 1522 1370 pellis

632 1387 774 1428 puppae
798 1403 812 1421 ‚
854 1371 1023 1412 inferior
1062 1386 1163 1413 vero
1208 1385 1335 1413 cornu
1381 1373 1522 1413 colore

634 1431 753 1468 nitet.
795 1425 944 1476 corpus
993 1435 1121 1465 totum
1165 1426 1300 1465 subtus
1340 1427 1524 1466 subcom-

635 1482 868 1536 planatum,
901 1493 990 1520 cum
1026 1480 1195 1534 vestigio
1222 1482 1340 1520 trium
1369 1482 1520 1534 parium

630 1538 789 1591 pedum.

255 1655 595 1714 Argyroflo-371.
625 1651 691 1690 M.
724 1647 805 1701 (la
847 1646 991 1694 riche)
1034 1642 1225 1686 *antennis
1273 1645 1424 1686 setariis
1461 1647 1523 1697 pi-

278 1728 357 1757 ma·

630 1703 713 1745 losa
750 1704 863 1756 nigra
878 1732 890 1752 ,
918 1701 1052 1741 fronte
1076 1700 1281 1753 fasciisque
1299 1701 1520 1740 abdominis

634 1768 851 1813 argenteis.

579 1817 680 1857 Hah.
708 1815 747 1852 in
773 1815 948 1866 Europa.

582 1871 699 1921 Defh.
727 1868 873 1908 Subtus
907 1876 994 1906 atra
1013 1896 1027 1916 ‚
1054 1866 1241 1906 carbonis
1266 1866 1408 1912 instar,
1440 1879 1523 1906 non

633 1926 791 1971 nitens,
820 1922 932 1974 supra
952 1932 1039 1960 atra
1062 1923 1208 1961 nitens.
1227 1920 1387 1961 Thorax
1409 1921 1523 1960 lineis

633 1980 788 2030 aliquot
835 1976 1189 2029 longitudinalibus
1234 1977 1360 2016 minus
1406 1978 1518 2015 atris.

634 2034 760 2073 Frons
795 2033 831 2072 &
866 2031 892 2070 fi
932 2033 1119 2070 adcurate
1146 2031 1364 2078 intuearis,
1398 2040 1516 2081 caput

633 2098 764 2129 totum
808 2095 1052 2139 argenteum.
1104 2084 1217 2124 Oculi
1266 2084 1515 2124 rubescenti-

635 2144 741 2196 nigri
759 2143 797 2179 δί
813 2142 852 2179 in
872 2140 1213 2179 collotomentum
1235 2139 1516 2192 ferrugineum.

634 2199 833 2237 Antennae
878 2194 995 2235 fuscae
1018 2224 1030 2242 ‚
1089 2194 1339 2233 rubescentes
1393 2194 1516 2246 magis

638 2265 753 2305 quam
779 2249 901 2289 oculi.
927 2249 1132 2288 Abdomerz
1168 2248 1381 2300 oblongum
1405 2278 1417 2296 ,
1443 2247 1517 2285 fas-

637 2308 708 2349 ciis
753 2305 878 2345 tribus
917 2305 1102 2345 tenuibus
1150 2304 1378 2356 argenteis,
1431 2306 1516 2351 quae

1400 2356 1510 2397 bases
