1615 2942
273 118 514 159 INSEGTA
540 119 992 156 HYMENOPTERA.
1014 118 1158 172 Vespa.
1271 118 1349 171 269

433 225 519 275 04¹²ss
554 225 677 275 Hujus
700 225 828 277 vespae
853 226 934 264 nidi
965 226 1089 277 primo
1129 228 1275 266 intuitu
1309 235 1353 266 ut

485 293 640 319 coenum
677 280 857 319 siccatum
890 280 1084 328 videtur,
1127 281 1191 320 sed
1232 281 1361 320 forma

485 334 646 387 globosa
669 334 930 372 attentionem
946 333 1074 373 subito
1095 336 1244 374 excitat
1262 337 1299 374 ὅ(
1315 342 1359 373 ut

487 402 584 440 opus
619 388 782 439 alicujus
809 388 940 426 inseffl
978 388 1092 427 brevi
1119 389 1356 441 judicantur.

487 445 519 481 E
543 442 670 480 subtili
687 452 791 481 terra
811 441 1091 482 conficiuntur.
1118 445 1248 482 Ovum
1271 456 1358 482 cum

487 497 601 535 melle
629 497 668 535 in
695 508 775 535 uno
802 509 959 548 quoque
982 498 1209 548 deponitur.
1229 497 1357 536 Lam

489 550 642 589 mellem
679 551 760 589 edit
779 552 814 590 δε
837 553 877 589 in
908 552 1001 590 nido
1030 551 1360 603 metamorphosin

487 605 610 652 subit3
639 606 729 644 inde
755 605 920 644 maxillis
946 605 1147 658 globulum
1174 607 1299 658 aperit
1323 606 1361 645 ἃ

487 660 690 711 egreditur
724 660 855 711 vespa.
893 662 1025 698 Ramis
1060 661 1175 699 ericae
1204 661 1259 699 ita
1291 661 1363 698 ad-

488 714 684 752 haerentes
710 714 821 762 nidi,
849 722 892 752 ut
921 727 1002 753 non
1037 714 1113 753 fine
1140 715 1236 753 rami
1265 714 1359 753 sec-

486 768 598 806 tione
629 780 698 807 eos
720 768 862 808 tollere
884 768 1018 808 valeat
1045 768 1293 808 observator.
1308 770 1359 808 V.

166 877 367 918 Arvensis.
393 887 431 931 9.
462 879 515 918 V.
548 879 564 927 <
590 876 625 915 la
653 879 972 930 campagnarde)
1000 877 1216 916 abdominis
1235 875 1361 916 fasciis

488 941 656 983 quatuor
686 931 797 970 ssavis
816 962 828 980 ,
861 933 980 971 tertia
1010 932 1284 983 interrupta*

437 984 532 1026 Fah,
559 996 625 1034 40.

437 1040 588 1091 Sclzetff:
623 1042 722 1080 icon.
753 1052 782 1081 t,
815 1051 880 1093 93.
904 1042 944 1093 f.
970 1039 1008 1080 8.

436 1095 500 1134 De
538 1093 635 1133 Geer
679 1108 772 1136 tom.
796 1106 835 1135 2.
873 1112 915 1146 p.
947 1094 1040 1135 820.
1077 1096 1179 1135 inter
1209 1094 1368 1148 vespas-

492 1149 791 1190 ichneumones.

442 1202 563 1255 Geoffi
596 1216 690 1243 torn.
709 1216 748 1244 2
777 1221 816 1255 p.
840 1211 932 1256 375.
966 1220 1003 1243 n.
1023 1214 1062 1256 7.
1094 1205 1218 1257 primo
1245 1204 1368 1244 abdo-

492 1258 587 1296 mini
634 1258 837 1313 segmento
898 1258 1108 1311 pyrisormi
1163 1258 1367 1311 fasciisque

498 1312 624 1351 tribus
647 1313 773 1353 flavis.

443 1366 568 1406 Faun.
596 1366 720 1406 Fridr.
756 1384 795 1408 n.
820 1367 912 1419 640.

443 1421 584 1461 Enum.
614 1438 653 1461 η.
678 1432 772 1474 791

447 1476 558 1517 Miill.
588 1476 673 1516 Lin.
708 1476 808 1515 Nat.
844 1477 892 1515 cl.
919 1489 964 1518 V.
993 1494 1034 1529 p.
1060 1476 1150 1530 883.

444 1530 543 1570 Hah
573 1533 611 1570 itz
643 1534 812 1583 Europa.
849 1535 892 1570 In
924 1535 1041 1572 muris
1072 1534 1164 1572 Fab.
1195 1533 1234 1571 in
1256 1532 1369 1572 terris

500 1587 616 1625 aridis
644 1586 708 1637 I).v
730 1586 841 1625 Geer.
869 1589 913 1626 In
940 1588 1067 1627 Gallia
1092 1587 1201 1626 Aust.
1230 1589 1281 1627 V.

445 1638 557 1689 Deft.
607 1640 734 1693 Vespa
774 1642 928 1691 vulgari
981 1644 1122 1682 minor.
1172 1641 1372 1680 Antennae

504 1696 640 1750 nigrae.
674 1695 822 1745 Corpus
853 1697 1020 1749 nigrum.
1058 1699 1121 1736 Ad
1161 1697 1376 1749 marginem

502 1751 674 1789 thoracis
705 1751 944 1789 anteriorem
982 1751 1128 1790 lineola
1155 1751 1257 1790 flava
1275 1752 1373 1790 &in

502 1806 633 1844 medio
661 1804 835 1843 thoracis
869 1804 961 1844 loco
1000 1805 1152 1844 scutelli
1192 1806 1375 1856 pundhnn

501 1859 661 1898 flavum.
700 1860 903 1897 Abdometz
942 1859 1064 1898 tribus
1105 1859 1232 1899 fasciis
1258 1858 1376 1898 trans-

505 1914 622 1953 versis
655 1913 766 1953 ssavis
794 1927 814 1951 a
842 1923 956 1967 tergo
984 1923 1174 1959 notatur,
1215 1927 1377 1966 quarum

503 1967 669 2007 secunda
715 1981 760 2006 ac
816 1969 933 2007 tertia
989 1968 1268 2016 remotiffima;
1315 1967 1374 2006 his

505 2023 654 2061 duabus
694 2021 923 2072 interjacet
950 2023 997 2061 ab
1039 2033 1206 2074 utroque
1251 2022 1377 2061 latere

507 2078 687 2128 punf’tum
731 2076 946 2130 oblongum
998 2077 1177 2116 flavum·
1169 2107 1179 2125 ‚
1234 2078 1378 2128 primus

508 2130 725 2170 abdominis
741 2131 927 2171 articulus
940 2132 1119 2185 angustus
1134 2134 1169 2172 ὅ(
1184 2130 1375 2170 clavatus.

506 2186 660 2233 Pedes,
697 2187 870 2237 exceptis
901 2164 1115 2226 femoribus
1142 2185 1256 2233 rufis,
1276 2183 1378 2237 nigii

507 2239 608 2278 sunt.

461 2291 548 2341 Obs.
580 2305 615 2334 1.
642 2296 781 2334 Variat
822 2294 986 2336 thorace
1024 2296 1139 2348 nigro
1187 2295 1378 2335 immacu-

513 2347 611 2391 lato.
650 2348 771 2401 Geoffi
