1615 2942
297 183 535 227 INSEc‘rA
564 180 1021 224 HYMENOPT'ERA.
1046 182 1160 236 Apis.
1272 195 1352 240 309

474 293 752 346 longitudine,
784 292 1029 345 ellipticum,
1069 292 1228 342 nitens,
1267 294 1355 333 ful-

475 362 594 393 vum,
644 349 684 387 in
709 347 860 401 singulo
887 349 1012 387 latere
1038 347 1199 387 maculis
1229 349 1356 389 tribus

478 402 799 442 flavescentibus.

427 457 577 497 Variae
598 488 612 504 ,
653 457 870 497 tuberculis
900 457 1076 496 thoracis
1110 457 1252 497 anticis
1284 457 1358 497 fla-

474 512 726 552 vescentibus
752 513 952 563 unicoque
979 513 1121 564 pundto
1163 510 1272 552 luteo
1310 515 1354 552 in

474 567 601 606 latere
656 567 807 620 singulo
872 567 1092 606 abdominis
1126 595 1138 613 ,
1196 580 1357 607 necnon

478 635 550 661 ore
600 622 731 662 antice
791 621 882 661 rufo
938 621 1195 672 antennisque
1253 622 1354 665 totis

478 675 586 716 rufis.

533 786 598 825 Ex
618 787 721 838 spec.
752 787 807 827 D.
835 787 932 827 Fab.

163 897 324 952 Pilipes.
356 904 421 950 54.
454 898 507 936 A.
536 898 554 947 (
583 896 780 950 l'aigrette
804 899 821 947 )
857 895 981 950 grisea
1002 924 1014 941 ,
1042 895 1207 948 pedibus
1228 896 1357 937 inter-

476 952 615 991 mediis
644 952 876 991 fasciculam
911 951 1058 1004 pilosis.

424 1007 568 1046 Etzun'z.
598 1022 637 1044 n.
663 1005 757 1057 804.

424 1062 532 1102 Pall.
551 1061 678 1112 spicil·
706 1061 803 1111 ζοοί.
825 1062 928 1110 fasc,
953 1070 992 1113 9,
1026 1071 1092 1112 24.
1120 1072 1150 1100 t.
1175 1072 1213 1100 Ι.
1238 1062 1279 1113 f.
1297 1072 1361 1113 14.

424 1115 546 1167 Geoffi
577 1117 647 1164 ins:
676 1126 772 1155 tom.
797 1127 836 1155 2.
864 1132 907 1165 p.
930 1126 1026 1166 41‘2.
1059 1130 1100 1153 n.
1123 1125 1161 1168 9.
1199 1120 1279 1155 an?

420 1171 520 1209 Hah.
572 1171 611 1208 in
657 1170 818 1223 Anglia.
864 1169 921 1209 D.
950 1169 1103 1210 Lewin.
1149 1173 1194 1210 In
1232 1170 1363 1210 Gallia

479 1224 589 1264 Aust.
614 1226 666 1264 V.
1413 1265 1415 1267 ,

423 1280 541 1329 Dese.
603 1278 748 1330 Corpus
794 1288 924 1320 totum
979 1279 1143 1319 hirsutie
1202 1281 1361 1321 cinerea=

476 1336 636 1374 testum.
662 1336 786 1374 Pedes
815 1335 953 1388 nigri,
984 1334 1121 1386 postici
1158 1345 1328 1387 quatuor
1347 1365 1361 1383 ,

476 1390 664 1439 imprimis
691 1390 916 1429 intermedii
940 1420 953 1440 ,
986 1389 1075 1442 pilis
1113 1389 1365 1444 longioribus

480 1443 719 1483 fasciculatis
752 1444 862 1484 hirti.

421 1497 537 1548 Dese.
584 1498 746 1538 Labium
795 1499 971 1551 superius
1023 1499 1168 1539 ssavum
1190 1514 1202 1550 3
1241 1502 1366 1553 frons

480 1552 735 1607 ferruginea,
766 1553 851 1593 haec
870 1555 907 1594 &
927 1553 1025 1593 illud
1048 1564 1238 1607 teguntur
1264 1556 1367 1596 villo

480 1620 598 1648 cano.
642 1607 805 1648 Thorax
852 1618 965 1648 totus
1003 1609 1155 1649 flavo-
1178 1610 1366 1652 hirsutus.

478 1663 683 1702 Abdomerz
704 1676 726 1703 a
746 1663 823 1703 bafi
843 1664 979 1704 versus
1007 1665 1177 1704 medium
1199 1666 1367 1706 villoso-

481 1717 700 1758 flavescens
718 1748 729 1767 ,
757 1732 840 1758 non
872 1718 971 1757 nihil
999 1729 1131 1758 tamen
1151 1750 1163 1768 ,
1191 1733 1305 1773 quam
1325 1723 1368 1760 in

480 1772 675 1823 thorace,
705 1773 803 1812 villo
830 1774 982 1813 rariore
1012 1773 1217 1815 hirsutum.
1247 1778 1368 1828 Apex

480 1827 560 1880 ipse
580 1828 695 1880 nigro
722 1827 911 1877 villosus,
930 1828 1015 1868 haec
1034 1838 1175 1868 tamem
1196 1831 1367 1884 nigredo

481 1895 565 1922 non
593 1883 759 1935 abrupte
776 1883 915 1935 incipit
929 1913 941 1931 ,
958 1882 1024 1922 sed
1044 1883 1123 1936 ipsa
1141 1884 1277 1925 baseos
1296 1886 1370 1924 fla-

484 1939 594 1977 vedo
614 1937 841 1989 quibusdam
869 1938 996 1977 veluti
1028 1938 1173 1978 umbris
1199 1953 1368 1991 penum-

481 1991 636 2044 brisque
653 1994 692 2032 in
710 2005 796 2032 eam
817 1994 1047 2046 degenerat.
1064 1992 1190 2044 Caput
1202 1994 1336 2034 subtus
1351 2025 1367 2044 ,

476 2048 618 2099 pedum
649 2049 865 2087 anticorum
887 2060 976 2098 pars
1011 2047 1156 2100 postica
1173 2078 1184 2094 ‚
1204 2050 1366 2099 pedus,

483 2115 585 2141 cano
614 2102 713 2143 villo
745 2103 863 2142 valde
889 2102 1066 2141 barbata.
1087 2103 1210 2141 Pedes
1239 2106 1367 2144 inter-

481 2157 601 2195 medii
627 2157 886 2209 graciliores,
914 2156 1132 2209 longiores,
1159 2160 1364 2199 Metatarfi

483 2220 597 2262 parte
629 2212 760 2251 antica
784 2211 900 2263 scopa
919 2213 1031 2264 nigra
1051 2211 1167 2251 densa
1185 2241 1196 2259 ‚
1217 2213 1367 2265 postica

485 2277 576 2304 cum
606 2266 713 2305 tarsis
753 2265 839 2318 pilis
870 2266 1001 2319 longis
1039 2267 1161 2319 nigris
1181 2297 1192 2315 ‚
1230 2269 1366 2307 rario-

484 2319 594 2359 ribus
646 2330 777 2359 tamen
800 2351 811 2369 ,
865 2321 1026 2360 barbata
1055 2335 1066 2368 3
1120 2322 1168 2359 ad
1214 2323 1366 2374 apicem

486 2373 574 2413 tarsi
626 2374 848 2415 verticillus
900 2375 1069 2427 pilorum
1121 2376 1322 2427 nigrorum
1357 2393 1367 2416 2

486 2427 673 2478 juncturae
699 2431 841 2482 pedum
861 2443 998 2474 omnes
1030 2429 1217 2473 albicant.
1240 2430 1367 2473 Tibiae

1040 2487 1077 2526 V
1106 2484 1147 2537 iij
