1615 2942
312 152 391 197 626
447 152 846 191 ANALYTICA
897 161 967 190 ET
1018 150 1444 193 COMPARATA.

475 261 533 301 D.
563 260 731 300 Linnaei.

384 372 830 412 TENTHREDO.

316 482 370 521 Os
394 480 566 544 maxillis
585 480 726 533 absque
746 479 913 533 probos-

311 537 565 643 Αῗὲάἰὶειηεε
582 621 594 640 ,
623 590 798 630 tumidae.

309 645 484 685 Aculeus
500 646 652 685 laminis
672 645 820 684 duabus
836 644 916 686 ser-

364 702 461 740 ratis
485 730 497 749 ,
539 712 615 740 va
646 701 914 753 prominenti-

312 755 528 851 δεξῖεςῖἶιιιη
579 810 712 864 granis
762 808 914 849 duobus

365 865 552 918 impositis
579 849 822 904 distantibus.

312 974 450 1015 Famil.
496 985 531 1014 Ι.
575 973 778 1015 Antennct
828 973 914 1015 cla-

365 1039 489 1069 vatae.

449 1096 475 1122 2
480 1113 781 1124 ........
833 1096 914 1122 non

369 1138 601 1179 articulatae.

447 1204 468 1246 3
478 1223 790 1233 ........
818 1206 918 1245 pec-

373 1258 525 1289 tmatae.

455 1313 481 1354 4
487 1331 789 1343 ........
824 1302 918 1342 sub-

368 1358 536 1398 clavatae
555 1387 567 1407 ,
597 1358 832 1397 articulatae.

456 1421 470 1461 5
480 1442 780 1453 ........
830 1412 912 1451 fili-

366 1466 514 1507 formes
532 1498 543 1516 ‚
561 1467 736 1507 articulis
750 1477 777 1519 7
793 1497 805 1516 ‚
824 1466 851 1506 l.
867 1465 889 1504 8
903 1497 915 1517 ‚

366 1531 533 1575 excepta
561 1522 651 1561 basi.

447 1577 469 1616 6
476 1607 783 1617 ........
814 1576 918 1616 seta·

367 1646 449 1672 ceae
469 1663 480 1681 ,
514 1631 690 1672 articulis
721 1631 917 1684 plurimis.

1117 260 1174 301 D.
1202 262 1247 301 de
1274 260 1405 303 Geerz'.

995 370 1065 409 LA
1094 371 1330 411 MOUCHE
1355 372 1393 411 A
1416 372 1541 412 SCIE„

968 478 1168 518 Antennae
1192 481 1327 520 variae.

971 535 1026 573 Os
1055 536 1259 573 dentatum
1288 535 1459 590 elingue.

970 589 1063 628 Ala>
1081 588 1389 640 subfornicatae‚
1420 591 1568 630 incon-

1027 644 1132 683 ditae.

969 698 1175 737 Abdomen
1204 699 1336 739 sessile.

970 753 1143 793 Aculeus
1161 753 1310 792 laminis
1327 754 1474 794 duabus
1490 755 1571 795 ser-

1025 808 1120 848 ratis
1143 807 1211 849 sub
1238 808 1459 850 abdomine.

971 972 1109 1013 Famil.
1143 984 1174 1012 Ι.
1221 973 1420 1013 Antennae
1458 976 1570 1026 capim

1026 1037 1134 1067 tatae.

1104 1095 1126 1121 2
1134 1112 1401 1122 .......
1448 1086 1571 1123 triar-

1082 1137 1223 1177 culatae
1254 1138 1433 1178 clavatae.

1114 1203 1134 1245 3
1143 1222 1406 1233 .......
1424 1206 1572 1234 novem

1029 1247 1277 1300 particulatae
1299 1246 1517 1288 filiformes.

1110 1312 1151 1353 4.
1195 1332 1204 1343 .
1251 1332 1261 1342 .
1308 1331 1317 1341 .
1368 1331 1377 1341 .
1422 1333 1432 1343 .
1487 1302 1573 1343 ela-2

1025 1365 1146 1396 vatae.

1113 1420 1146 1459 5.
1189 1441 1197 1451 .
1464 1412 1573 1452 seta-

1028 1479 1140 1516 ceae‚
1168 1466 1345 1506 articulis
1375 1467 1574 1521 9,pluri-=

1027 1520 1114 1561 bus.

319 1742 405 1791 Ohs.
433 1742 750 1783 Tenthredinum
775 1742 897 1782 larvae
919 1741 987 1782 sub
1009 1744 1169 1783 nomine
1196 1740 1577 1795 pseudo-erucarum

367 1799 554 1851 cognitae.

611 1800 749 1838 Larvis
796 1799 900 1837 enim
945 1798 1283 1851 lepidopterorum
1334 1799 1434 1837 adeo
1478 1797 1579 1850 saepe.

365 1852 530 1901 similes,
561 1863 606 1892 ut
640 1853 708 1892 nisi
738 1855 879 1905 pedum
906 1866 1071 1893 numero
1107 1852 1303 1892 differant.
1339 1855 1383 1892 In
1410 1863 1580 1905 quatuor

366 1906 532 1947 familias
560 1909 629 1947 has
656 1908 785 1947 larvas
806 1908 934 1947 div-itit
961 1908 1016 1947 D.
1046 1910 1090 1947 de
1121 1908 1233 1947 Geer.
1265 1907 1386 1947 larvae
1405 1919 1579 1956 22‚20‚

366 1975 513 2002 novem
532 1964 691 2011 decim,
724 1962 920 2014 sexpoclae.
959 1964 1236 2003 Antennarum
1265 1962 1422 2002 articuli
1438 1964 1578 2015 pedum

365 2030 530 2056 numero
551 2018 708 2056 minime
727 2018 890 2056 cleteim
894 2029 989 2056 nan
993 2032 1038 2055 ur
1051 2048 1061 2066 7
1091 2028 1134 2056 ut
1161 2017 1217 2057 D.
1237 2018 1282 2056 de
1314 2016 1426 2056 Geer.
1453 2030 1579 2069 expe-

366 2082 521 2111 rientlls
549 2082 673 2124 pase*-

706 2073 828 2110 Aliud
861 2072 996 2112 harum
1019 2072 1216 2111 larvarum
1244 2071 1408 2125 systema
1424 2084 1580 2123 propo-

365 2126 441 2165 suit
471 2125 527 2166 D.
564 2127 757 2177 Bergman
794 2127 833 2166 &
876 2126 1006 2166 forsan
1046 2127 1211 2167 lucidius
1251 2156 1262 2174 ‚
1315 2128 1434 2178 pedes
1474 2127 1578 2164 enim

366 2181 654 2220 membranacei
693 2194 775 2221 non
810 2181 959 2233 semper
998 2180 1114 2221 facile
1147 2190 1416 2221 numerantur.
1465 2181 1579 2219 Licet

366 2248 448 2274 mas
491 2236 535 2274 sit
576 2237 734 2275 inermis
769 2266 780 2286 ,
826 2237 953 2289 primo
998 2247 1128 2276 tamen
1174 2237 1321 2276 intuitu
1365 2234 1579 2275 tenthredo

368 2289 599 2330 innotescit
626 2293 727 2331 Fere
750 2304 888 2333 omnes
910 2293 1206 2337 tenthredinum
1228 2292 1348 2333 larvae
1367 2300 1580 2333 metamox-

368 2346 503 2399 phofin
533 2346 714 2391 subeunt.
