1661 2931
228 95 475 136 russea-A
504 91 970 132 HYMENOPTERA.
999 92 1177 146 Cynips„
1279 102 1336 148 77

124 203 287 246 cardui.
317 213 386 257 23.
415 203 464 242 C.
496 204 515 252 (
539 200 797 263 clu-chardon
817 201 835 251 )
861 202 1046 295 anitennis
1064 202 1336 295 flongitudine

446 269 572 364 {3253
577 256 894 350 “351235305235
923 256 1048 351 &3225
1081 256 1200 307 Μ’
1223 257 1338 311 sup‘a

392 364 493 407 Hah.
521 366 561 405 in
592 364 732 405 lanoso
763 364 1028 418 transparenti
1062 366 1212 406 cardui.

118 479 287 520 Aurata.
317 484 385 528 24.
417 475 465 516 C.
497 477 516 527 (
541 474 580 515 Ie
608 475 747 526 dore)
777 484 915 516 aurata
947 475 1086 515 viridis
1107 505 1120 525 ‚
1155 475 1340 522 antennis

447 530 616 572 clavatis
647 530 776 570 rubris
799 559 813 578 ,
845 530 1011 583 pedibus
1040 529 1175 570 luteis.

403 585 507 635 Roes.
539 586 611 634 inst
643 595 684 638 3:
716 598 746 626 t.
770 584 837 639 69.

396 639 497 680 Hah.
530 641 570 679 in
598 640 713 693 gallis
736 653 906 693 quercus
934 639 1122 680 fasciatis.

399 694 490 746 obs.
527 698 621 734 Nec
654 696 724 744 ins.
746 696 870 745 paris.
908 709 984 735 nec
1029 707 1173 735 entom.
1215 696 1342 746 paris.

455 751 507 789 ad
544 751 768 802 augendum
804 750 884 790 hoc
928 764 1054 803 genus
1086 750 1201 789 nobis
1232 751 1359 790 utilia*

453 804 634 845 fuerunt.
688 804 883 858 Pleraque
939 805 1082 848 insena
1140 804 1208 844 sub
1264 804 1346 845 hoc

457 872 606 912 genere
656 860 697 899 in
735 859 795 899 his
838 860 1024 912 operibus
1066 859 1253 913 inscripta
1296 860 1348 899 ad

454 914 734 954 ichneumonis
785 928 910 968 genus
965 914 1177 955 referenda
1240 913 1346 954 sunt,

455 971 530 1008 Ex.
569 983 629 1022 gr.
675 969 709 1007 le
747 971 885 1022 cynips
928 971 1022 1009 dore‘
1061 971 1085 1008 ὰ
1134 984 1252 1022 queue
1292 970 1343 1007 du

455 1024 645 1073 he'de'guar
684 1024 796 1075 liffi'35
837 1025 872 1063 le
905 1025 1040 1077 cynips
1081 1025 1150 1063 des
1180 1024 1349 1076 chrysa-

453 1079 553 1117 lides
586 1078 654 1116 des
681 1078 899 1129 papillons.
927 1079 1107 1132 Ejusdem
1135 1079 1238 1119 (106ὶί
1269 1079 1350 1118 viri

461 1131 656 1184 eleuphus
686 1146 806 1172 verus
847 1134 1087 1174 ichneumon
1124 1133 1203 1182 est;
1230 1146 1354 1180 nam,

455 1197 502 1226 ut
528 1188 677 1239 optime
708 1188 940 1228 observavit
972 1188 1204 1228 immortalis
1232 1188 1351 1229 Lina.

458 1255 586 1295 genus
602 1243 805 1295 proprium
831 1243 1070 1283 constituere
1090 1256 1173 1282 non
1193 1242 1352 1295 possunt

461 1306 649 1337 antennae
680 1297 748 1337 vel
784 1300 992 1350 peffinatae
1034 1298 1103 1338 vel
1147 1298 1353 1348 ramosae;

457 1351 521 1400 &‚
548 1351 573 1390 s1
603 1351 661 1392 D.
684 1351 811 1406 Geoffi
841 1353 999 1405 eleuphi
1023 1353 1185 1392 foemina
1220 1352 1352 1393 fuisset

459 1406 625 1459 cognita
645 1435 658 1453 ,
708 1420 836 1461 genus
884 1422 1036 1448 novum
1090 1405 1306 1458 reliquiffet
1339 1436 1355 1454 ,

460 1473 578 1513 quum
598 1470 785 1502 antennae
804 1463 877 1502 fint
893 1462 1026 1503 fractae
1046 1463 1084 1504 ὅ(
1112 1463 1353 1505 clavatae.v.-

461 1570 527 1609 Ex
558 1587 665 1622 oper.
696 1571 754 1612 D.
786 1573 832 1611 de
866 1571 982 1614 Geer.

76 1681 310 1728 Potentilla.
333 1689 403 1735 25.
435 1682 485 1722 C.
517 1683 536 1733 (
561 1681 665 1722 dela
681 1682 929 1735 potentille)
953 1684 1083 1737 capite
1109 1684 1357 1738 thoraceque

460 1737 586 1790 nigris
605 1767 618 1787 ,
657 1738 872 1778 abdomine
903 1739 1144 1792 pedibusque
1172 1739 1266 1780 rufis
1293 1742 1360 1780 ni-

459 1792 567 1831 tidis.
610 1792 718 1844 Retz.
753 1803 849 1845 292.
881 1815 906 1824 —
937 1794 1001 1833 De
1047 1793 1147 1834 Geer
1186 1807 1283 1835 tom.
1312 1806 1355 1837 2.

458 1862 501 1897 p.
521 1844 616 1899 898.
654 1849 828 1901 t.31.f.
850 1859 931 1898 12,
962 1860 1027 1902 13.
1060 1860 1091 1890 t.
1118 1860 1159 1902 7.
1182 1852 1222 1903 f.
1251 1860 1316 1902 14.

403 1900 505 1942 Hah.
544 1903 584 1941 in
627 1904 798 1956 Europae
835 1904 1049 1958 potentilla
1078 1914 1280 1958 reptante.
1311 1908 1357 1945 In

474 1956 604 1997 Gallia
624 1957 736 1998 Aust.
758 1961 811 2000 V.

408 2011 525 2061 Dese.
569 2010 695 2063 Caput
738 2014 964 2067 thoraxque
1012 2015 1358 2056 aurato-viridia.

461 2067 669 2106 Abdomen
697 2069 853 2118 viride,
880 2070 1042 2110 maculis
1059 2071 1358 2113 lutescentibus³

474 2120 678 2161 Antennae
695 2125 889 2177 pedesque
920 2125 1034 2167 lutei.

495 2230 558 2270 Ex
587 2231 762 2285 Mantiffl
794 2234 850 2275 D.
882 2234 980 2277 Fab.

87 2339 443 2392 ,Adscendensaffl
477 2343 525 2388 C.
558 2344 576 2396 (
615 2342 653 2385 le
719 2343 858 2388 releve
899 2346 918 2399 )
972 2359 1083 2392 aenea
1106 2374 1121 2396 ,
1177 2346 1362 2393 abomine
