1661 2931
276 96 329 151 36
399 97 642 138 INSECTA
674 96 1094 143 NEuRoPTERA.
1117 92 1374 148 Phryganeffl

657 204 786 244 culice
812 205 967 247 minus,
1000 202 1162 242 fuscum.
1205 201 1407 242 Antennae
1449 216 1542 245 cors-

656 272 756 312 pore
783 259 990 310 longiores
1007 285 1019 305 ‚
1053 256 1161 295 lente
1188 256 1367 309 inspeaae
1389 259 1542 300 villosae

657 314 862 364 adparent.
885 311 940 349 Os
958 320 1003 349 ut
1028 311 1067 349 in
1094 310 1257 362 reliquis
1284 326 1371 351 cum
1391 314 1543 366 palpis,

659 370 681 417 (
700 369 879 419 adeoque
898 378 978 404 non
1008 363 1186 404 chermes
1208 367 1225 413 )
1257 364 1412 406 accedit
1438 372 1544 408 enim

657 421 785 475 figura
817 423 865 460 ad
898 419 1096 459 chermem
1137 419 1222 458 alis.
1255 420 1349 459 Αἶας
1371 436 1543 474 corpore

660 474 866 528 longiores
889 503 901 523 ,
939 472 1075 513 versus
1107 486 1251 525 corpus
1287 489 1392 526 pone
1425 490 1543 516 com-

659 530 825 583 prefi‘ae,
863 540 1029 580 aqueae,
1077 529 1229 568 macula
1275 529 1463 570 subviridi
1504 532 1543 571 ὅ(

660 585 748 623 alba
763 612 774 629 ,
793 582 929 623 versus
946 582 1165 634 marginem
1178 583 1411 624 inferiorem
1428 588 1543 625 venis

660 639 813 691 nigris,
843 636 978 676 versus
1004 635 1247 689 superiorem
1281 640 1395 679 venis
1430 641 1541 680 albis.

660 692 786 731 Faun.
814 700 937 744 1503.

717 801 781 839 Ex
812 813 958 842 entom.
987 815 1099 843 carn.

282 912 603 966 Albicornis.29.
635 911 740 1005 P.lb(
756 909 1025 961 l’albicorne)
1049 910 1155 952 fusca
1172 941 1186 962 ,
1209 913 1392 952 antennis
1414 912 1545 968 longis

664 979 684 1005 a
732 978 776 1004 is.

608 1021 753 1060 Enum.
784 1035 822 1060 n.
849 1019 944 1074 619.

607 1076 707 1115 Hizb.
736 1077 776 1114 in
800 1077 974 1127 Europa.
1001 1076 1046 1114 In
1072 1075 1227 1115 Breffiae
1255 1077 1381 1128 aquis.
1404 1079 1459 1118 V.

608 1130 722 1180 Dese.
772 1130 1016 1183 Magnitudo
1066 1132 1209 1170 media.
1257 1132 1351 1169 Alae
1405 1133 1548 1171 at'ztz'cae

664 1184 804 1224 albidae
821 1213 834 1231 ‚
864 1183 930 1223 sed
954 1186 1086 1236 apices
1108 1185 1282 1225 testacei,
1318 1184 1545 1235 Antennae,

662 1253 771 1334 qubaed
797 1240 978 1335 cossoris
1020 1239 1312 1292 longitudinem
1355 1251 1547 1293 aequant,

667 1307 689 1334 a
734 1308 823 1335 lae.
894 1322 903 1334 .

315 1402 514 1448 Rufierus.
547 1415 611 1459 30.
642 1406 689 1444 P.
722 1406 740 1455 (
766 1403 802 1443 la
830 1403 1100 1454 tuberculee)
1132 1402 1262 1456 fusca,
1295 1404 1404 1445 collo
1438 1405 1550 1445 bitu-

666 1460 874 1499 herculeio
901 1460 1023 1499 flavo,

615 1515 759 1554 fnum.
789 1531 828 1553 n.
852 1513 946 1564 614.

616 1570 716 1608 Ηαὸ.
753 1570 791 1607 in
826 1570 936 1620 aquis
966 1568 1194 1609 fluentibus.

614 1625 728 1673 Desc-
763 1624 949 1669 Collum,
982 1626 1090 1675 quod
1128 1632 1246 1676 caput
1292 1622 1449 1664 thoraci
1483 1622 1553 1665 acl·⁹

669 1679 820 1727 nectit,
862 1680 1067 1731 eleganter
1112 1678 1259 1718 flavum
1283 1708 1295 1726 ‚
1336 1679 1553 1720 tuberculis

668 1734 771 1773 binis
800 1732 984 1773 elevatis.
1018 1732 1179 1772 Femora
1210 1733 1327 1773 flava.
1355 1733 1498 1774 Enum.

329 1846 522 1900 Ferrugi-
553 1853 618 1898 31.
649 1844 693 1883 P.
724 1845 742 1892 (
767 1842 804 1881 la
832 1841 1000 1881 rouillee
1025 1842 1044 1891 )
1074 1840 1301 1895 ferruginea
1336 1851 1453 1892 tota,
1483 1839 1557 1884 alis

349 1913 441 1942 nea.
676 1898 818 1936 amicis
864 1896 974 1936 fusto
1029 1896 1240 1948 obiterque
1292 1897 1513 1938 reticulatis
1542 1927 1557 1948 ,

681 1953 808 1992 oculis
836 1953 975 2005 nigris.

623 2007 724 2047 Hah.
752 2008 789 2045 in
815 2005 962 2058 sylvis,
989 2007 1099 2046 secus
1120 2018 1264 2058 aquas,
1286 2006 1402 2057 Majo
1429 2007 1491 2047 M.
1511 2008 1558 2046 In

680 2062 837 2100 Breffia.
869 2064 919 2100 V.

624 2116 739 2161 Dese.
774 2116 981 2161 Abdomen
1010 2116 1161 2168 punf’tis
1184 2115 1308 2168 nigris
1332 2114 1562 2156 lateralibus

682 2181 776 2217 tot,
811 2180 908 2221 quot
940 2172 1025 2221 ejus
1060 2170 1276 2223 segmenta.
1311 2170 1435 2209 Sexus
1460 2169 1562 2211 alter

679 2224 872 2265 maculam
899 2224 1069 2264 albidam
1087 2226 1298 2264 rotundam
1317 2237 1565 2264 communem

680 2280 898 2332 punctaque
946 2280 1034 2319 alba
1096 2288 1112 2327 5
1139 2308 1153 2325 ,
1199 2278 1222 2318 6
1284 2280 1325 2318 in
1385 2279 1566 2333 margine

680 2345 851 2374 externo
882 2333 1029 2374 alarum
1056 2334 1276 2376 amicarum
1303 2333 1421 2386 gerit.
