1615 2942
298 166 536 207 INsEcTA
566 164 1022 205 HVMENOPTERA.
1050 160 1181 205 Sireid
1285 146 1375 220 v1133*

440 273 541 313 Hah.
568 275 607 313 in
652 276 825 326 Europa.
857 275 901 312 In
931 271 1059 312 Gallia
1099 272 1212 314 Aust.
1248 272 1370 314 semel

439 328 814 436 Delsecclfflhgnimdo
837 382 875 422 S.
895 382 1085 433 gigantis.
1101 380 1195 420 Alae
1214 382 1380 424 breves:

493 437 656 478 ,leorax
702 439 834 477 amice
883 438 1109 488 quadratus.
1167 437 1373 475 Antennae

493 494 630 587 Ξέἓῖεε.
680 492 806 531 Pedes
858 491 973 532 fulvi.
1019 490 1235 531 Foeminam
1287 504 1373 532 non

137 656 339 699 Ressexus.
373 664 437 706 15.
468 656 508 697 S.
540 660 557 708 (
584 656 620 697 le
640 657 837 706 reflechi)
866 657 1008 709 niger,
1035 655 1201 708 pedibus
1223 655 1374 702 fulvis,‘

490 711 618 759 aculei
648 713 803 766 vaginis
833 710 915 751 fere
950 711 1143 750 continuo
1193 712 1241 749 ad
1290 711 1372 749 ab·-

490 767 660 806 tlominis
694 767 819 806 latera
845 765 1015 806 reflexis.
1048 777 1078 804 t.
1096 775 1137 817 7.
1157 766 1198 817 f.
1217 775 1283 817 23.

437 821 538 861 Hal).
558 823 597 860 in
617 824 797 874 Europa,
821 833 943 874 prope
964 818 1203 859 Nemausum
1229 819 1368 860 lestus-

436 876 553 925 Desc.
587 877 744 916 Statura
776 877 813 915 S.
844 876 1013 924 marisci.
1059 873 1263 912 Antennae
1293 887 1367 926 pe·-

489 931 602 971 dibus
618 930 870 971 concolores.
888 928 1050 968 Thorax
1082 930 1196 981 niger
1212 959 1224 977 ,
1253 928 1369 968 lineis

487 986 636 1025 duabus
668 985 780 1025 flavis
816 986 856 1024 in
894 985 1041 1024 medio.
1090 984 1213 1022 Pedes
1252 982 1369 1024 fulvi.

488 1040 704 1079 scutellum
734 1039 895 1079 flavum.
930 1038 1025 1077 Alae
1052 1040 1228 1090 margine
1252 1045 1369 1078 exte-

489 1096 597 1134 riore
635 1093 910 1134 flavescentes.

437 1147 528 1197 Obfi
544 1148 701 1188 Aculeo
719 1147 870 1187 serrato
888 1159 1011 1201 genus
1027 1145 1107 1186 hoc
1125 1159 1146 1185 a
1163 1146 1372 1199 sequenti·-

488 1204 559 1243 bus
576 1203 771 1256 praecipue
789 1202 1009 1254 separatur:
1028 1201 1238 1240 abdomine
1256 1201 1371 1242 seffili

492 1266 727 1298 mucronato
769 1257 900 1297 differt
956 1255 1084 1296 adhuc
1109 1270 1120 1305 ;
1175 1265 1374 1308 praeterea

488 1313 640 1353 siricum
684 1311 805 1352 larvae
852 1324 1050 1363 nunquam
1107 1312 1147 1349 in
1198 1310 1368 1350 aliorum

491 1368 724 1407 infestorum
750 1366 871 1406 larvis
902 1366 1169 1418 reperiuntur.
1203 1365 1269 1404 Ab
1298 1379 1373 1405 an-

488 1431 697 1462 tennarum
751 1421 1008 1461 articulorum
1057 1433 1223 1460 numero
1270 1429 1371 1460 nota

490 1476 613 1517 sumta
634 1507 646 1525 ,
683 1476 810 1515 minus
846 1475 940 1517 felix
976 1475 1148 1514 videtur.
1180 1478 1223 1514 In
1261 1488 1371 1514 non-

490 1532 608 1570 nullis
654 1532 759 1571 enim
807 1530 1136 1569 ichneumonibus
1183 1539 1371 1568 antennae

490 1585 666 1625 articulis
710 1598 791 1624 non
834 1585 937 1623 ultra
978 1595 1061 1636 303
1102 1597 1183 1623 non
1228 1585 1371 1623 mirum

491 1641 613 1695 igitur
631 1669 643 1686 ,
670 1639 695 1679 sl
722 1638 836 1679 illust.
867 1639 1021 1690 Scopoli
1048 1638 1178 1678 firices
1205 1638 1252 1677 ab
1276 1638 1372 1678 ich-

485 1695 751 1740 neumonibus
769 1707 848 1733 non
870 1694 1113 1746 separaverit
1131 1724 1142 1742 ,
1162 1694 1257 1733 licet
1274 1706 1371 1732 mo-

488 1750 596 1789 ribus
614 1750 735 1789 larvae
755 1748 949 1788 differant.
970 1750 1149 1799 Uterque
1168 1748 1281 1787 sexus
1298 1747 1371 1787 sae-

488 1806 575 1857 pius
597 1804 777 1843 diffimilis
791 1834 802 1853 ‚
821 1813 864 1842 ut
883 1805 920 1842 in
944 1816 1091 1857 genere
1107 1802 1299 1855 sequenti.
1314 1806 1369 1844 V.

489 1858 548 1899 D.
571 1859 684 1910 Scop.
711 1866 806 1897 nota
835 1857 1140 1898 charaueristica
1164 1857 1328 1909 sequens
1349 1887 1365 1906 ‚

490 1913 562 1953 alis
597 1913 753 1966 posticis
789 1913 981 1964 placem,
1011 1912 1219 1952 abdomine
1267 1925 1362 1953 mu-

489 1978 658 2008 cronato
674 1996 686 2013 ‚
711 1968 890 2009 aculeum
915 1967 1048 2008 subtus
1065 1968 1170 2010 circa
1190 1968 1361 2009 medium

493 2022 739 2077 proferente.

666 2235 850 2300 ’ἢῆ
