1615 2942
250 171 330 213 266
441 175 683 218 12³5ssch
712 179 1168 222 HYMENOPTBRA.
1192 184 1339 238 Vespa

574 285 665 337 obs.
712 289 961 330 Varietatem
1013 289 1081 343 huj
1085 304 1130 331 us
1183 292 1312 345 vespae
1361 293 1511 334 indica-2

629 342 687 382 D.
736 343 861 396 Geoffi
900 344 966 385 sed
1005 359 1094 386 cum
1138 346 1359 386 abdominis
1394 346 1512 387 fascia

629 398 754 450 prima
780 398 887 439 lutea
907 401 1064 439 caeteris
1097 413 1179 440 non
1198 401 1317 440 latior
1343 401 1425 448 est,
1445 410 1514 441 aut

627 451 777 504 species
791 463 859 493 aut
875 453 960 493 haec
977 454 1198 494 differentia
1217 468 1297 495 non
1315 431 1510 497 confl'ans,

626 506 785 548 Fascies
813 507 1039 549 abdominis
1071 508 1201 550 flavae.
1227 512 1281 551 V.

328 614 493 658 Gallica.
530 623 566 668 5.
595 619 650 659 V.
681 620 699 669 (
727 616 764 656 la
799 618 1013 666 Franeoise
1049 618 1067 667 )
1113 618 1279 659 thorace
1320 618 1508 670 utrinque

623 671 773 712 lineola
790 701 802 720 ‚
830 672 948 712 dorso
968 672 1234 713 sexmaculato
1253 702 1266 719 ‚
1289 673 1510 714 abdominis

624 727 803 767 incisuris
840 726 954 768 flavis
974 757 987 778 ‚
1024 728 1193 769 secunda
1222 728 1474 769 bimaculata.

570 781 666 821 Fah.
698 792 763 822 10.

568 836 683 887 Scop.
713 834 808 889 827.

572 889 694 944 Geoffi
744 902 841 932 tom.
884 903 923 930 2.
966 908 1008 943 p.
1036 902 1132 945 374.
1184 908 1223 933 n.
1270 900 1303 942 5.
1354 892 1466 946 nigra
1498 922 1511 942 ,

622 946 789 986 thorace
829 946 992 986 maculis
1031 956 1077 996 15
1112 947 1257 996 flavis,
1295 947 1509 1000 segmentis

622 1000 940 1041 abdominalibus
959 1003 1136 1055 margine
1163 1001 1305 1049 luteis,
1335 1001 1510 1043 secundo

618 1056 772 1097 macula
797 1057 983 1109 utrinque
1015 1056 1133 1098 flava.

565 1111 678 1150 Poda
702 1127 766 1162 gr.
786 1127 829 1162 p.
855 1112 946 1152 108.

563 1166 709 1206 Enum.
739 1182 778 1206 n.
802 1164 899 1220 789.

563 1220 684 1262 Miill.
714 1220 801 1260 Lin.
831 1219 936 1260 Nat.
966 1220 1016 1261 cl
1047 1231 1094 1260 V.
1156 1219 1286 1260 .881.

562 1274 662 1315 Hah.
692 1275 731 1314 in
751 1274 937 1328 OEuropa.
981 1278 1025 1315 In
1060 1275 1204 1316 Gallia.
1242 1275 1354 1316 Aust.
1383 1278 1438 1317 V.

566 1332 724 1383 Corpus
757 1330 1005 1384 fimillimum
1056 1332 1157 1382 vesp.
1205 1331 1392 1385 vulgari,
1435 1332 1511 1380 sed

611 1385 752 1437 paullo
786 1387 930 1426 minus.
960 1388 1088 1425 Frons
1127 1387 1279 1438 pedes,
1321 1385 1506 1438 segmen-

618 1450 750 1479 torum
769 1441 986 1479 abdominis
1006 1442 1235 1491 margines,
1256 1442 1389 1490 flava.
1418 1441 1506 1480 An<-

619 1503 752 1534 tennae
777 1498 915 1546 flavae.
945 1495 1111 1535 Thorax
1135 1496 1309 1545 margine
1340 1495 1498 1542 antico,

618 1549 723 1588 linea
761 1561 852 1588 ante
897 1550 1019 1598 alas,
1054 1549 1191 1600 punc't'o
1239 1560 1329 1588 ante
1367 1551 1398 1588 ὃ·
1433 1550 1507 1599 sub

617 1602 696 1643 alis
723 1607 851 1654 slavo,
894 1605 1009 1656 Regio
1032 1604 1188 1654 scutelli
1219 1604 1385 1642 maculis
1428 1604 1496 1642 [ιι-

617 1659 694 1698 teis
720 1670 741 1713 3
767 1659 953 1711 parium,
992 1659 1128 1698 ultzmo
1156 1658 1395 1710 oblongiore.
1417 1658 1506 1698 Ab·

613 1714 786 1754 dominis
819 1715 1062 1766 segmentum
1105 1725 1132 1753 2
1174 1725 1337 1767 utroque
1384 1714 1506 1753 latere

616 1768 770 1809 macula
812 1780 933 1809 ovata
964 1772 1099 1820 flava.

564 1822 656 1874 Obs
703 1824 804 1864 Hab.
837 1824 1013 1864 solitaria
1047 1826 1095 1864 ad
1122 1836 1282 1872 muros,
1311 1822 1504 1873 frutices,

615 1878 781 1920 arbores
826 1889 939 1931 parte
989 1878 1063 1918 soli
1103 1878 1278 1931 expofita
1300 1907 1313 1926 ,
1365 1877 1503 1918 umbra

614 1942 750 1974 tamen
800 1934 958 1973 aliunde
1012 1934 1129 1973 tecla.
1179 1934 1309 1972 Nidus
1353 1931 1500 1972 hemis-

613 1988 844 2040 phaericus,
882 1988 1033 2028 cellulis
1069 1987 1276 2041 pluribus,
1312 1986 1498 2040 inaequali

612 2056 812 2093 numero,
850 2042 1001 2083 adfixus
1036 2042 1191 2095 petiolo
1226 2043 1386 2090 tenaci,
1430 2042 1505 2080 ad-

612 2097 784 2138 haerenti
825 2098 1062 2138 membtanae
1097 2097 1296 2138 communi
1337 2096 1500 2136 cellulas

612 2152 762 2206 postice
781 2152 1004 2207 obtegenti.
1023 2154 1159 2192 Mater
1174 2151 1257 2205 post
1274 2152 1407 2190 nidum
1431 2151 1498 2190 la—

613 2219 707 2248 tens
724 2208 974 2261 excubiasag
954 2209 1037 2257 it,
1056 2221 1132 2247 nec
1150 2206 1266 2246 facile
1288 2205 1503 2258 ΡεῙΙΘΠάεις,

611 2262 681 2302 ubi
727 2271 860 2302 tamen
909 2262 1015 2315 pulsa
1060 2262 1146 2310 est,
1185 2261 1309 2301 statim
1358 2260 1500 2305 redit,

612 2318 849 2370 nidumque,
869 2316 973 2356 forte
991 2315 1162 2356 ablatum
1180 2317 1333 2356 interea
1348 2344 1361 2364 ,
1381 2314 1498 2354 anxie

611 2372 789 2423 inquirit.
844 2371 1030 2412 Infestum
1086 2371 1215 2411 hortis
1262 2370 1493 2418 inimicum3

613 2427 721 2480 quod
746 2425 891 2468 fruetus
929 2429 1120 2468 l’omonae
1152 2426 1310 2467 exedat.
