1661 2931
267 101 321 144 68
428 99 671 141 Iuncta
701 95 1122 137 NssuRoPTntA·
1153 92 1369 148 Raphidia.

591 206 701 257 Sulz.
729 205 810 256 hist.
842 205 914 254 ins.
949 215 981 245 t.
1007 212 1076 252 ας.
1098 204 1141 256 f.
1167 213 1231 244 10.

593 261 695 303 Hab.
722 261 761 299 in
788 260 950 313 Styria,
973 259 1084 297 tarde
1114 259 1364 308 progreditur
1400 274 1530 311 nempe

646 329 744 359 unco
773 315 804 353 δ’
831 315 941 353 tibiis
975 312 1218 363 complicatis
1236 343 1250 363 ‚
1278 313 1381 362 sblis
1400 315 1532 367 femo-

646 385 732 411 rum
762 368 955 421 geniculis
999 368 1195 420 infistem,
1236 369 1372 421 quibus
1408 371 1536 419 expli-

645 425 745 464 catis
800 425 852 463 ad
897 423 1202 472 adscendendum
1247 423 1384 464 utitur.
1429 423 1534 465 Milzi

653 494 727 518 non
756 479 853 528 νζΙὶῑ.

595 533 714 583 Dese.
730 533 796 572 Sin
801 531 937 585 gulare
950 531 1150 571 infectum.
1163 529 1532 576 Ameana-breves.

650 587 767 628 Oculi
798 587 931 640 magni
972 585 1132 626 exserti.
1165 583 1327 625 Thorax
1362 586 1531 640 longus,

667 656 738 682 ere
770 640 1029 694 cylindricus.
1063 640 1191 680 Pedes
1224 641 1447 681 anteriores
1488 643 1538 682 ab

651 697 739 737 aliis
769 696 914 736 remoti
937 724 949 744 ,
985 708 1036 735 ex
1061 705 1173 747 parte
1204 696 1334 735 antica
1361 695 1538 737 thoracis

653 752 853 791 oriuntur.
883 748 1004 789 Coxae
1036 748 1181 802 longae.
1217 749 1382 789 Femora
1417 751 1536 792 valde

650 803 889 852 incrassata,
932 804 1041 857 spina
1085 803 1217 843 valida
1262 814 1443 854 armata,
1491 807 1540 845 fi-

654 867 778 899 'nuata
792 888 805 907 ‚
827 858 867 897 in
888 857 970 897 s1nu
991 858 1097 896 tibia·
1123 871 1255 897 curvae
1277 860 1536 911 recipiuntur.

652 915 743 953 Situ
783 913 822 952 &
866 911 992 951 forma
1032 913 1174 963 pedum
1231 914 1468 953 anteriorum
1514 928 1537 956 a

656 967 901 1022 praecedenti
928 967 1092 1006 omnino
1113 967 1279 1006 recedit.
1301 966 1396 1006 Ala·
1418 971 1538 1010 etiam

660 1020 874 1074 ampliores
901 1049 914 1068 ‚
961 1019 1114 1060 macula
1160 1020 1278 1059 etiam
1332 1024 1539 1076 marginali

663 1075 786 1116 fusca.
814 1075 1019 1115 Abdomen
1051 1074 1093 1114 in
1128 1082 1300 1127 utroque
1332 1075 1426 1116 sexu
1458 1077 1540 1118 fal-

656 1139 802 1170 catum.
833 1132 885 1171 V.

607 1184 701 1234 obs.
731 1188 830 1224 Non
855 1197 942 1224 rara
982 1186 1024 1223 in
1055 1183 1331 1237 Delphinatu,
1373 1186 1414 1225 in
1445 1186 1538 1228 loco

658 1238 785 1292 vulgo
811 1238 935 1278 Mion.
968 1240 1080 1291 Saepe
1119 1240 1161 1278 in
1193 1240 1296 1291 pinis
1337 1242 1397 1279 uti
1430 1255 1538 1295 prae-

655 1295 834 1343 ceden33
870 1292 1113 1347 praecedenti
1142 1293 1283 1345 major.
1311 1296 1364 1336 V.

714 1402 780 1442 Ex
799 1403 905 1454 spec.
933 1401 993 1444 D.
1024 1401 1122 1442 Fab.

378 1521 542 1560 Notata.
569 1524 608 1569 3.
639 1515 692 1553 R.
723 1513 742 1563 (
766 1511 804 1551 la
830 1511 1056 1561 tachetee)
1084 1511 1251 1552 thorace
1279 1512 1504 1567 cylindrico
1526 1544 1542 1565 ‚

664 1566 737 1608 alis
767 1568 919 1607 macula
948 1567 1157 1620 marginali
1191 1566 1309 1607 fusca.

606 1622 707 1663 Hah.
736 1624 777 1662 in
809 1621 971 1675 Anglia.
998 1621 1101 1670 Mus.
1132 1621 1187 1661 D.
1214 1622 1386 1664 Bancks.

608 1677 725 1727 Dese.
756 1675 899 1716 Affinis
927 1676 1038 1728 raph.
1079 1675 1256 1729 ophiopfi
1274 1705 1287 1724 ‚
1331 1688 1371 1718 at
1406 1679 1542 1731 paullo

665 1732 808 1782 maior.
835 1729 984 1782 Corpus
1004 1731 1172 1783 nigrum.
1210 1732 1372 1772 Macula
1400 1735 1543 1786 capitis

665 1785 920 1827 subtestacea.
973 1785 1150 1824 Aculeus
1189 1786 1364 1825 exsertus
1410 1787 1543 1841 longi-

661 1841 803 1881 tudine
839 1841 1073 1880 abdominis.
1107 1840 1200 1878 Αἶα»
1225 1852 1375 1893 magnae
1394 1873 1406 1890 ‚
1436 1844 1542 1882 reti-

661 1894 828 1942 culatae,
857 1895 1009 1935 macula
1028 1907 1168 1947 magna
1186 1893 1292 1935 fusca
1318 1897 1540 1950 marginali,

664 1949 793 1989 Pedes
825 1949 1002 1990 testacei.
1028 1948 1191 1990 Femora
1215 1949 1343 2002 nigra.

822 2152 1080 2223 Q&
